3172 5120
743 236 776 295 ll

180 412 258 472 uota
281 407 508 472 restaurandae
524 406 724 488 evangelicae
747 406 958 487 simplicitatis
982 406 1130 488 dogmata
1153 412 1185 470 et
1208 407 1339 471 cerimo-

181 497 253 560 nias
281 496 480 578 negligentis.
534 494 615 559 Nam
648 496 778 559 unitatis
809 513 845 558 ac
879 495 964 575 pacis
995 497 1027 559 in
1051 493 1184 559 ecelesia
1214 512 1340 560 conser-

180 584 306 648 uandae
337 588 540 665 praeceptum
568 586 692 647 tantum
716 583 800 664 apud
830 601 900 646 eum
924 582 1026 663 valet,
1056 589 1092 646 ut
1115 581 1168 646 illo
1191 582 1336 664 neglecto

181 671 269 736 mala
292 677 368 736 nata
392 689 460 736 esse
483 669 677 753 profiteatur,
701 671 814 750 quibus
839 669 971 736 ecclesia
994 689 1076 735 nuno
1099 669 1217 735 referta
1240 669 1324 752 sit.1)

271 760 321 824 Ita
344 759 440 842 igitur
463 759 540 824 haec
563 759 624 823 duo
640 757 773 825 Erasmo
797 763 917 823 statuta
940 766 1045 822 erant:
1070 760 1217 839 primum:
1243 758 1340 823 ecele-

181 849 251 912 siae
275 852 307 912 et
330 847 475 912 doctrina
498 853 530 911 et
553 864 655 912 mores
679 845 880 911 reformanda
903 851 993 926 sunt,
1018 846 1067 925 id,
1091 846 1173 928 quod
1196 843 1338 924 efficitur,

182 937 212 1000 si
235 936 277 1000 ad
299 935 513 1016 evangelicam
537 935 771 1016 simplicitatem
795 941 827 999 et
850 935 1018 1016 puritatem
1041 935 1244 1000 reducuntur.

272 1023 411 1088 Deinde:
435 1023 607 1088 auctoritas
622 1023 800 1094 traditionis
824 1021 1070 1101 ecclesiastieae,
1095 1022 1341 1104 gubernatorum

183 1111 345 1194 ecclesiae,
367 1111 523 1176 unanimis
542 1128 712 1176 consensus
735 1112 842 1192 magni
864 1110 1076 1189 aestimanda,
1107 1109 1258 1175 ecclesiae
1280 1128 1342 1190 pax

184 1208 219 1265 et
242 1200 410 1265 concordie
433 1199 587 1264 servanda
609 1204 667 1262 est.

272 1288 383 1369 Itaque
406 1306 466 1352 uon
491 1287 583 1351 aliter
607 1287 758 1352 ecclesiae
787 1284 984 1365 reformatio,
1016 1285 1143 1366 qualem
1165 1286 1234 1368 ipse
1257 1284 1342 1349 vole-

185 1376 249 1453 bat,
274 1373 384 1458 perfici
406 1380 548 1456 poterat,
580 1392 673 1456 quam
697 1375 724 1438 si
746 1392 808 1438 non
835 1375 960 1455 privata
983 1375 1188 1450 auctoritate,
1223 1373 1279 1437 sed
1302 1374 1342 1436 ab

185 1463 334 1527 ecclesiae
367 1463 550 1544 proceribus
584 1481 621 1528 ac
657 1480 727 1527 cum
762 1462 911 1527 ecclesiae
942 1479 1096 1526 consensu
1123 1460 1341 1542 incipiebatur.

184 1550 323 1614 Primum
347 1551 445 1633 igitur
467 1551 500 1631 ii,
525 1551 578 1631 qui
608 1550 754 1615 ecclesiae
777 1550 957 1630 magisterio
979 1548 1205 1631 fungebantur,
1239 1548 1342 1612 animo

184 1639 344 1705 debebant
367 1639 489 1718 impleri
520 1637 671 1703 inclinato
695 1638 734 1701 ad
765 1639 994 1702 restituendam
1026 1637 1239 1718 evangelicam
1271 1636 1342 1701 doc-

184 1728 311 1792 trinam.
358 1726 427 1804 Quo
450 1727 607 1808 perveniri
633 1727 784 1791 Erasmus
800 1727 943 1807 putabat,
968 1727 995 1790 si
1010 1726 1164 1790 bonarum
1178 1724 1343 1788 literarum
1407 1791 1412 1800 ,

184 1815 364 1895 cognitione
392 1816 493 1896 magis
532 1814 696 1895 magisque
729 1823 904 1894 propagata
938 1813 1144 1879 scholasticae
1180 1813 1343 1876 doctrinae

184 1903 360 1968 auctoritas
383 1902 547 1984 paullatim
576 1901 777 1983 perturbata,
810 1920 919 1966 sacrae
943 1903 1119 1983 scripturae
1149 1901 1288 1965 studium
1303 1904 1344 1964 et

185 1990 363 2055 intellectus
390 1995 535 2072 promota
565 1995 688 2069 esseut,
722 1991 749 2056 si
773 2008 880 2055 omues
910 1989 1100 2071 scripturam
1130 1987 1343 2070 intelligentes

184 2097 294 2143 amore
310 2079 457 2159 puritatis
480 2079 512 2142 in
536 2097 575 2142 ea
591 2095 767 2158 expressae,
791 2078 895 2142 taedio
919 2079 1044 2142 omnino
1060 2076 1219 2142 dissimilis
1242 2074 1341 2140 eccle-

183 2168 253 2231 siae
270 2169 445 2248 praesentis
463 2165 567 2230 affecti
583 2173 697 2245 essent,
723 2167 750 2232 si
765 2167 863 2246 igitur
878 2165 1038 2231 hominum
1062 2166 1159 2230 animi
1180 2165 1221 2228 ad
1237 2180 1343 2227 veram

185 2255 348 2336 pietatem¹
376 2260 481 2319 essent
514 2253 741 2320 transformati.
788 2253 848 2331 Qui
876 2271 981 2318 rerum
1015 2270 1217 2336 progressae,
1253 2253 1278 2315 si
1303 2251 1345 2314 ad

184 2341 280 2407 finem
304 2343 515 2423 pervenisset,
540 2341 693 2407 Erasmus
718 2348 803 2407 certo
827 2343 1020 2422 exspectavit
1043 2340 1122 2420 iore,
1146 2348 1183 2404 ut
1206 2339 1345 2404 auctori-

186 2430 245 2495 bus
280 2429 430 2496 ecclesiae
463 2431 660 2511 proceribus
697 2429 964 2494 consentientibus
995 2431 1138 2494 omnibus
1161 2428 1344 2494 retormatio
1414 2463 1417 2474 ·

184 2518 359 2584 secundum
383 2518 509 2582 modum
538 2518 743 2599 regulamque
767 2518 967 2600 evangelicae
996 2518 1157 2583 doctrinae
1180 2513 1345 2597 perficere·

185 2612 249 2670 tur.
295 2606 344 2671 Ad
376 2605 630 2688 praeparandam
659 2604 741 2671 hanc
769 2623 874 2669 rerum
905 2606 1111 2671 mutationem
1140 2622 1248 2668 omnes
1272 2621 1344 2668 suos

186 2693 312 2759 labores
341 2693 480 2760 adhibet.
537 2695 641 2759 Bonas
663 2693 788 2772 literas,
821 2694 924 2774 quoad
956 2698 1075 2776 potest,
1110 2691 1257 2775 adjurat,
1283 2691 1346 2755 edi·

184 2783 304 2847 tionem
327 2784 400 2847 novi
423 2784 613 2860 testamenti,
637 2783 670 2846 in
694 2782 781 2864 cujus
798 2781 1053 2846 annotationibus
1073 2782 1140 2862 jam
1163 2779 1345 2861 systematis

185 2869 354 2952 theologici
377 2870 531 2951 principia
549 2869 728 2952 evangelieo
752 2867 881 2950 profert,
906 2887 1005 2950 papae
1032 2868 1129 2934 Leoni
1156 2867 1185 2930 X
1209 2866 1344 2945 dedicat,

184 2975 305 3038 omnes,
340 2963 376 3021 ut
406 2958 486 3022 bene
509 2959 631 3037 vivant,
663 2974 768 3021 mores
791 2957 968 3037 corrigant,
998 2957 1187 3021 adhortatur
1199 2957 1224 3036 2)
1249 2963 1345 3036 atque

186 3046 220 3109 in
247 3044 464 3123 ,Euchiridio“
485 3046 675 3110 christianae
689 3045 774 3109 vitae
796 3062 946 3110 canonem
963 3045 1150 3126 evangelicis
1167 3043 1345 3126 praeceptis

185 3133 326 3199 directae
348 3131 477 3215 profert.

276 3221 365 3286 Haec
397 3227 452 3286 aut
454 3240 503 3287 eru
538 3221 712 3286 animorum
746 3219 961 3286 transformat
938 3227 981 3285 ιιο
1020 3220 1172 3285 ecclesiae
1207 3217 1346 3283 salubris

187 3309 354 3406 paullatim
375 3309 593 3374 tantummodo
625 3328 662 3374 ac
684 3309 854 3410 tranquille
877 3309 988 3409 perlici
993 3327 1051 3460 tpo
1047 3313 1141 3388 t,erat
1165 3325 1257 3372 omne
1281 3323 1346 3370 cer-

188 3382 308 3462 tamen
320 3415 390 3462 earu
413 3397 630 3478 perturbabat,
654 3399 753 3462 omnis
776 3397 945 3462 violenta
881 3398 1027 3461 turrita
1028 3397 1072 3462 tio
1028 3358 1209 3462 tue’flat
1210 3395 1285 3459 ebat
1307 3394 1347 3458 de

189 3487 295 3567 quiete
263 3486 459 3550 tdiscendi
481 3485 639 3550 bonast
602 3485 720 3565 literas
744 3485 871 3568 legendi
893 3502 1016 3549 sacram
1033 3485 1233 3568 scripturam,
1257 3501 1345 3548 exer-

189 3574 281 3638 cendi
304 3573 501 3655 evangelicas
523 3574 622 3638 virtut
625 3592 667 3642 es

190 3720 400 3732 ——u———n

300 3798 318 3865 ¹)
330 3798 456 3882 Querela
474 3801 585 3868 pacisl.
605 3816 627 3855 c.
648 3799 743 3857 i.:olB
785 3798 853 3867 Quia
871 3799 967 3866 religio
986 3814 1041 3853 non
1055 3798 1141 3866 jam,
1144 3806 1215 3866 ,port
1217 3812 1249 3851 us
1267 3812 1347 3865 pars·

190 3867 256 3922 tus“
276 3869 345 3937 paci,
364 3871 454 3940 quia,
457 3871 559 3938 ‚religio
578 3887 637 3925 cum
652 3870 782 3939 religione
802 3869 943 3938 dissidet,‘
964 3869 1090 3937 quia„to
1063 3868 1256 3924 totiactiones
1275 3874 1348 3948 suut,

191 3945 259 4006 quot
288 3946 351 3993 suut
340 3913 517 4011 tsodal⁷itia‚
545 3942 727 3996 Dominicales
752 3939 884 3996 dissident
912 3955 972 4036 cum
994 3876 1152 3994 Minuitur
1181 3945 1242 4008 etc,
1262 3937 1348 4007 „quia

192 4025 327 4076 nusquam
345 4009 404 4066 iere
423 3983 534 4080 collegio
554 4013 680 4067 convenit
698 4027 759 4065 cum
784 4012 932 4079 episcopo,
934 4010 1053 4077 itaque
1073 4007 1221 4108 „quidquid
1241 4009 1349 4064 calami-

192 4087 281 4134 tatum
301 4095 349 4136 sen
351 4082 387 4134 ιιι
412 4091 485 4136 mort
474 4083 574 4151 talitas,
594 4084 658 4136 huic
677 4082 790 4136 dissidio
810 4081 892 4135 debet
881 4088 1004 4148 ttaccep
1005 4097 1050 4134 um
1068 4080 1170 4137 ferre!

299 4153 320 4219 2ι
341 4151 460 4220 Querela
478 4153 590 4235 pacisl.
609 4169 631 4207 c.
651 4152 697 4207 fol.
718 4152 765 4216 (ιε
795 4153 976 4220 „Fungentur
1002 4167 1049 4206 suo
1079 4151 1169 4205 officio
1197 4149 1346 4232 praesules,

192 4221 351 4276 sacerdotes
379 4238 443 4277 vere
472 4224 526 4277 siut
545 4223 716 4291 sacerdotes,
734 4222 860 4277 monachi
878 4222 1056 4290 professionis
1081 4236 1146 4276 suae
1165 4219 1346 4288 meminerint,

192 4291 323 4361 theologi,
343 4292 414 4361 quod
433 4291 543 4348 Christo
563 4293 673 4362 dignum
692 4299 741 4358 est,
761 4293 902 4348 doceant.“
