3172 5120
758 177 792 254 ia

196 368 263 448 ejus
286 367 409 432 inimico
432 363 608 450 profitetur.
622 367 646 447 ¹)
681 364 853 430 Iracundos
878 364 945 445 ejus
961 370 1136 430 sectatores
1159 371 1288 430 excusat
1311 367 1354 430 ob

200 454 427 534 ,libertatem,“
454 455 494 520 ob
516 451 731 520 vehementem
747 453 860 536 agendi
883 452 1009 516 modurn
1037 455 1122 534 apud
1137 455 1220 519 viros
1244 458 1350 519 aucto-

197 545 288 607 ritate
311 541 453 607 valentes
464 547 487 626 2¹)
518 549 613 622 atque
636 540 674 604 cle
703 541 844 606 Hutteuo
867 540 1045 621 praedicat:
1080 541 1273 620 „Huttenum
1297 560 1354 606 uo-

197 637 297 694 strum
329 630 465 696 libenter
498 633 669 696 amamus.“
684 629 709 712 3)
762 627 858 693 Certo
889 627 1084 707 subridebat,
1121 629 1204 708 quod
1235 630 1275 694 ab
1303 629 1354 693 his

196 718 271 782 viris
306 716 539 783 Colonieuaium
572 717 753 782 auctoritati
788 723 819 780 et
852 717 1013 797 potentiae
1044 717 1135 782 valde
1170 717 1351 795 nocebatur,

196 823 293 886 quum
316 823 351 871 se
374 806 632 872 scholasticorum
655 803 822 886 signiferos
838 803 1034 885 praeberent,
1059 809 1170 870 contra
1193 811 1352 886 questam

198 895 251 959 dio
280 901 491 976 pugnaverat,
527 895 642 974 quique
670 893 804 958 maxime
831 893 957 956 Erasini
988 891 1101 958 studiis
1134 891 1354 958 reformandae

199 981 351 1047 ecelesiae
374 983 552 1047 obstabant.
598 979 660 1045 Sed
681 980 741 1045 hac
765 980 805 1043 ad
835 979 967 1044 alteram
989 987 1111 1060 partem
1142 980 1353 1059 inclinatione,
1408 1028 1410 1032 ψ

197 1069 330 1134 alterius
353 1071 452 1152 partis
475 1069 580 1135 taedio
604 1074 671 1133 tum
699 1086 761 1133 non
783 1074 909 1148 poteret
924 1067 1075 1133 Erasmus
1099 1071 1295 1150 commoveri,
1318 1075 1357 1134 ut

198 1159 231 1222 in
254 1161 316 1222 ista
338 1177 446 1240 pugna
467 1156 593 1240 publice
607 1155 892 1221 Reucblinistarmn
915 1155 1052 1237 partium
1076 1160 1169 1220 esset.
1207 1156 1286 1222 Nam
1309 1157 1356 1220 in·

198 1245 363 1328 telligebat
380 1245 561 1311 certaminis
576 1244 758 1326 periculum,
775 1243 909 1321 videbat,
935 1243 976 1307 ad
998 1262 1090 1325 quem
1106 1261 1204 1325 usque
1221 1245 1355 1326 gradum

198 1333 373 1398 animormn
396 1333 490 1398 ardor
502 1335 568 1416 jam
591 1330 772 1409 effervisset,
791 1331 1001 1413 cognoscebat
1023 1331 1147 1410 auxilia,
1164 1350 1244 1413 quae
1269 1339 1355 1396 utra-

199 1439 259 1501 que
281 1440 355 1502 pars
371 1422 563 1502 possidebat,
576 1419 641 1500 jam
664 1425 731 1484 tum
747 1419 889 1497 timebat,
914 1438 953 1484 ne
968 1419 1103 1484 mundus
1119 1417 1207 1484 fatali
1223 1420 1358 1485 dissidio

200 1509 438 1590 dirumperetur.
447 1509 474 1592 4)
520 1509 562 1572 At
593 1508 732 1574 amicitia
755 1507 980 1572 Reucblinistis
1003 1513 1141 1586 servata,
1164 1509 1355 1588 praeteritae

199 1597 284 1661 vitae
306 1596 410 1663 studia
433 1615 471 1662 ao
493 1597 639 1678 suspicio,
656 1614 736 1677 quae
759 1595 798 1660 ob
823 1595 904 1661 hano
926 1613 992 1660 rem
1009 1595 1104 1659 etiam
1128 1596 1357 1676 posterioribus

199 1685 401 1760 adhaerebat,
420 1685 629 1766 pronunciata
644 1683 798 1766 principia
821 1683 981 1766 praesenti
997 1701 1101 1748 rerum
1117 1684 1214 1748 statui
1229 1684 1355 1748 minime

200 1775 300 1838 aulica
323 1771 501 1853 effecerunt,
531 1777 567 1836 ut
589 1773 682 1838 etiam
707 1778 773 1836 tum
802 1771 915 1836 iterum
936 1777 1031 1852 atque
1054 1773 1167 1836 iterum
1192 1769 1368 1836 Colonien-'

200 1861 280 1925 sium
305 1861 494 1926 adversariis
518 1861 794 1939 adnumeraretur,
818 1866 853 1924 ut
869 1859 988 1940 scripta
1001 1858 1263 1926 humanistarum,
1276 1877 1358 1941 pug-

200 1950 343 2013 nantium
359 1951 427 2013 sine
443 1949 561 2013 autoris
577 1948 701 2012 nomine
718 1945 803 2012 edita
826 1945 911 2011 haud
924 1965 995 2010 raro
1021 1948 1049 2012 ei
1064 1947 1355 2028 attribuerentur.⁵)

198 2035 317 2100 Pavido
340 2035 464 2100 Erasini
486 2038 590 2101 animo
613 2037 686 2102 inde
709 2041 780 2100 orta
802 2034 943 2116 pericula
966 2035 1126 2116 duplicata
1145 2035 1357 2116 apparebant,

201 2124 376 2188 studiorum
393 2124 617 2205 tranquillitas,
633 2123 760 2190 vivendi
776 2123 979 2188 commoditas
995 2124 1185 2203 perturbari,
1201 2123 1357 2187 securitas

199 2211 282 2276 laedi
305 2213 333 2275 ef
355 2212 529 2276 videbatur.
575 2210 716 2291 Constat,
744 2211 801 2275 hos
824 2211 919 2276 animi
951 2208 1081 2277 affectus
1104 2217 1200 2292 atque
1224 2210 1282 2275 has
1306 2229 1356 2276 oo·

200 2299 370 2380 gitationes
386 2318 457 2364 eum
475 2299 709 2380 admovissent
732 2317 843 2380 pacem
858 2299 1064 2365 desideraret.
1104 2299 1206 2376 Quam
1222 2299 1356 2363 maxime

201 2395 307 2452 autem
324 2387 498 2453 cavendum
513 2397 569 2465 est,
595 2407 634 2452 ne
656 2387 705 2452 his
722 2385 883 2469 affectibus
902 2388 1031 2451 nimium
1047 2387 1258 2465 attribuatur;
1283 2405 1356 2450 narn

202 2475 263 2540 alfa
286 2469 419 2555 quoque
442 2493 539 2540 causa
572 2477 670 2558 magis
699 2476 836 2556 ingenua
859 2494 896 2540 ac
919 2475 1063 2556 graviore
1097 2483 1202 2540 motus
1224 2475 1358 2558 impiger

201 2569 307 2645 partes
329 2562 371 2627 ad
393 2581 502 2644 paoem
525 2564 694 2628 ineundam
723 2563 917 2627 adhortatur.
966 2563 997 2628 Si
1020 2565 1102 2628 euim
1127 2569 1286 2628 certarnen
1309 2580 1357 2628 so·

201 2650 355 2731 piabatur,
380 2647 506 2715 Eresmi
533 2649 751 2717 reformandae
775 2649 926 2715 ecclesiae
954 2650 1110 2716 desideria
1132 2650 1355 2732 persistebant,

202 2739 227 2804 si
251 2737 457 2818 periculosius
487 2736 590 2816 fiebat,
615 2739 809 2816 decidebant,
840 2757 934 2820 quum
958 2736 1140 2803 reformatio
1163 2756 1227 2803 nou
1249 2736 1356 2820 perfici

201 2843 293 2906 posse
317 2833 498 2908 appareret,
531 2827 591 2890 nisi
614 2827 787 2891 animorum
815 2825 979 2906 paullatim
1003 2825 1160 2907 completa
1182 2827 1357 2891 mutatione

202 2932 239 2978 ae
273 2915 476 2978 correctione.
530 2913 620 2978 Haec
658 2920 765 2978 autem
803 2915 926 2982 omnino
964 2913 1192 2994 impediebatur
1226 2915 1358 2980 ardente

200 3019 314 3084 pugna.
361 3001 442 3066 Nam
472 3001 672 3070 humanistae
706 3008 824 3066 rectam
854 3002 937 3065 viam
957 3003 1022 3083 jam
1055 3003 1188 3083 ingressi
1218 3004 1292 3067 rixis
1315 3004 1357 3068 ab

205 3106 241 3153 ea
265 3087 378 3154 deflexi
394 3094 500 3167 erant3
524 3088 702 3154 scholastici
726 3107 743 3154 e
766 3089 922 3153 contrario
938 3107 1042 3171 pugna
1066 3109 1102 3154 eo
1119 3091 1219 3172 magis
1241 3090 1358 3154 irritati

201 3177 320 3242 animos
344 3178 376 3240 iu
392 3177 558 3242 retinenda
573 3183 680 3242 vetere
703 3195 760 3241 sua
776 3167 919 3264 doctrina
934 3177 1027 3258 plane
1045 3177 1248 3243 stabiliebaut
1263 3184 1357 3259 atque
1411 3249 1414 3254 ,

201 3265 453 3330 adversariorum
481 3266 723 3346 intemperantia
755 3265 850 3330 armis
882 3265 922 3329 ad
956 3264 1153 3330 defendenda
1180 3271 1288 3331 vetera
1310 3266 1357 3330 iu-

309 3474 318 3504 ,
348 3477 352 3486 .
375 3476 380 3486 .

222 3616 251 3627 ..
310 3475 331 3614 2))
346 3475 412 3599 lillrlrill.
428 3492 457 3614 lp.
473 3477 541 3600 ἒὲἒι
563 3546 661 3614 „habet
674 3545 819 3600 Germania
828 3523 949 3612 'juvenes
968 3545 1072 3613 aliquot
1093 3561 1220 3614 maguam
1250 3553 1278 3600 et
1297 3562 1359 3601 ero-

203 3616 312 3670 ditionis
332 3623 359 3669 et
378 3617 551 3683 eloquentrae
574 3631 650 3682 apem
676 3615 708 3670 de
734 3631 763 3670 se
783 3615 1007 3684 praebentes...
1033 3616 1130 3670 horum
1156 3616 1310 3672 libertatem
1328 3623 1357 3670 et

203 3687 262 3755 ipse
281 3686 384 3741 faterer
396 3687 606 3755 intolerabilem,
625 3687 677 3738 nisi
691 3687 798 3754 aeirem,
818 3701 898 3754 quam
911 3686 1052 3741 atrocibus
1067 3685 1154 3740 modia
1168 3694 1226 3740 tum
1238 3687 1356 3755 publice,

202 3764 261 3838 tum
278 3757 406 3824 privatim
425 3757 593 3811 irritentur.“
632 3755 684 3824 (ep.
703 3757 738 3812 ad
757 3755 865 3810 Cardia.
903 3756 1063 3825 Thomam);
1083 3757 1210 3811 similiter
1229 3757 1358 3824 loquitur,

202 3826 266 3880 Μ’
286 3843 320 3932 με
330 3830 413 3952 418111.
432 3914 458 3965 p.
477 3899 537 3952 411.

310 3976 321 4001 ⁴
351 3968 400 4020 Er.
420 3984 480 4037 epp.
499 3985 526 4036 p.
546 3969 597 4022 381
616 3973 643 4020 et
662 3967 689 4021 in
708 3967 760 4022 alfa
780 3967 897 4036 epistola
916 3982 941 4020 a.
963 3970 1031 4021 1517
1051 3967 1156 4036 scripta
1170 3967 1246 4022 dicit:
1272 3966 1357 4035 „haee

202 4054 265 4092 orsa
283 4039 366 4092 latius
385 4046 519 4107 spectant,
537 4053 618 4106 quam
630 4036 748 4092 fortasse
767 4037 862 4106 vulgus
875 4037 1014 4092 hominum
1032 4038 1186 4106 intelligit.“
1224 4037 1281 4106 (Er.
1295 4053 1355 4105 epp.

201 4125 236 4316 ἴΑ
247 4109 329 4304 ΜΞ)
338 4179 549 4318 )Νο111111111111111
562 4179 645 4249 „Julii
664 4179 785 4233 11111111ῑιι
805 4185 892 4233 autor.
929 4178 977 4234 Er.
998 4194 1058 4247 epp.
1072 4196 1098 4247 p.
1114 4181 1180 4233 1622
1200 4185 1227 4232 et
1243 4195 1270 4247 p.
1287 4180 1358 4232 1626

238 4266 309 4318 ppeu
330 4291 355 4304 ..

7 4839 1413 5096 —s
