3172 5120
767 265 804 324 13

202 438 365 518 1111111111ιι
382 439 405 517 1)
454 445 467 500 t
494 454 550 500 nos
577 437 655 515 „huc
677 436 818 502 videmus
852 455 920 501 esse
943 445 1128 516 perunctum
1152 437 1302 515 insaniae,
1325 442 1362 501 ut

197 531 271 590 tota
304 526 368 588 rita
403 524 478 588 nibil
521 525 606 588 alind
640 531 770 604 agatur,
814 541 908 606 quarn
942 521 1129 608 belligerare
1166 525 1320 589 assidue.“
1336 527 1361 603 2)

204 613 299 693 Η111,
323 614 377 692 ait,
409 617 541 676 naturae
565 613 745 678 immanitas
773 632 842 679 curn
868 615 972 678 animo
995 631 1069 677 vere
1097 611 1278 690 christiano,
1308 613 1362 694 qui

202 700 304 766 solum
328 719 436 781 pacem
453 706 485 764 et
508 719 643 764 amorem
662 701 781 782 resipit,
803 702 975 766 consistere
997 719 1057 765 nou
1074 705 1188 781 potest,
1213 701 1268 764 sed
1291 718 1361 764 con·

199 790 360 853 ‘taminata
389 787 563 852 christiana
590 788 741 870 religione
771 790 866 854 etiam
899 789 977 854 11111
1009 789 1104 852 animi
1138 787 1235 853 libido
1268 788 1361 870 longe

203 876 332 957 lateque
356 877 549 956 versatu1·.3)
603 876 671 940 Hoc
694 879 781 958 pacis
816 876 919 942 studio
943 895 979 940 eo
1012 876 1203 957 perducitur,
1234 881 1270 940 ut
1292 877 1361 957 ipsa

203 964 288 1029 bella
310 970 420 1029 contra
442 963 560 1029 Turcos
584 965 723 1046 gerenda
753 965 880 1029 minime
903 965 1019 1044 landet,
1042 969 1078 1028 ut
1108 964 1302 1044 adhortetur,
1326 970 1362 1028 ut

204 1051 251 1116 illi
284 1069 343 1116 non
379 1052 533 1117 bellorum
564 1052 746 1133 impetibus,
782 1053 838 1116 sed
860 1050 933 1116 fidei
967 1052 1062 1116 armis
1085 1057 1234 1132 petantur
1265 1058 1360 1133 atque

201 1140 329 1220 quidem
352 1137 425 1205 fidei
452 1159 525 1204 vere
549 1140 754 1222 apostolicae,
786 1141 836 1205 cui
858 1141 981 1214 facilius
1013 1141 1233 1220 assentiantur,
1266 1158 1361 1221 quarn

203 1227 349 1310 religioni
376 1233 442 1306 ,tot
466 1227 607 1292 articulis
630 1228 811 1292 humanitus
835 1229 969 1292 additis“
1001 1233 1159 1294 oneratae.
1172 1229 1199 1310 4)
1243 1228 1294 1293 lta
1316 1227 1362 1292 di-

200 1321 289 1380 serte
312 1316 352 1380 ad
375 1335 485 1397 pacem
508 1317 622 1381 excitat
645 1317 775 1395 animos,
800 1316 988 1382 adhortatur
1010 1334 1126 1395 111111,
1151 1320 1187 1379 ut
1211 1316 1362 1398 adjuvent

166 1428 168 1436 ’
204 1403 354 1485 pacificos
385 1405 542 1487 principes
572 1409 603 1468 et
625 1422 742 1486 papam
755 1404 781 1488 ⁵)
810 1411 906 1486 atque
937 1410 1081 1486 exoptat:
1116 1403 1225 1483 „Nunc
1257 1405 1362 1486 gratia

204 1493 341 1573 gratiam
365 1493 478 1572 pariat,
503 1498 535 1556 et
550 1490 736 1557 beneficium
759 1491 910 1558 beneficio
926 1495 1087 1570 invitetur,
1111 1495 1200 1573 isque
1215 1493 1361 1557 videatur

204 1579 350 1660 ragalim,
374 1581 427 1660 qui
442 1581 512 1661 plus
529 1580 568 1644 de
591 1598 647 1644 suo
660 1581 732 1662 jure
755 1582 974 1647 concesserit.“
992 1581 1020 1664 Β)
1055 1580 1146 1658 Quod
1170 1581 1196 1644 si
1211 1579 1247 1644 fit
1266 1584 1361 1661 atque

204 1668 343 1748 privatos
367 1665 498 1732 affectus
529 1669 627 1732 vincit
655 1669 781 1749 publica
812 1668 948 1748 utilitas,
985 1668 1195 1750 „principibus
1230 1687 1361 1748 regnum

205 1756 266 1820 erit
289 1757 462 1838 augustius
487 1755 602 1836 populo
625 1757 713 1836 quies
736 1757 870 1836 uberior,
895 1775 1008 1822 nomen
1028 1756 1233 1822 christianum
1257 1755 1361 1821 lormi-

200 1843 341 1909 dabilius
366 1845 466 1909 crucis
489 1845 661 1908 1111111111.ιι
677 1847 702 1926 ⁷)

293 1930 355 1997 Sed
378 1950 458 2013 quae
486 1932 553 2012 ipse
576 1936 742 2014 tantopere
771 1932 966 2014 praedicavit
989 1933 1080 2010 bona,
1112 1932 1196 2013 apud
1219 1932 1361 1997 homines

204 2019 342 2084 valorem
376 2021 551 2101 perdidisse
588 2021 794 2100 videbantur3
835 2019 960 2084 Erasmi
997 2019 1130 2101 pulchra
1163 2021 1261 2084 verba
1299 2038 1362 2084 non

204 2107 315 2171 audita
349 2113 432 2172 sunt.
489 2108 632 2190 Synodus
664 2107 717 2174 ille
751 2127 814 2173 non
844 2108 972 2173 habitus
1002 2113 1065 2186 est,
1101 2115 1134 2171 et
1163 2125 1360 2189 perpaucos

205 2197 422 2261 tantummodo
446 2213 544 2260 annos
567 2195 723 2261 siluerunt
745 2215 834 2260 arma
855 2197 940 2260 inter
963 2195 1095 2278 populos
1119 2197 1315 2260 christianos.

286 2281 335 2347 Et
359 2284 456 2348 multo
480 2285 582 2349 minus
605 2283 702 2348 lenita
729 2291 777 2349 est
804 2285 978 2349 animorum
998 2285 1134 2349 irritatio
1159 2285 1199 2349 ob
1222 2301 1360 2366 pugnarn

205 2371 437 2436 Reuchlinicam
462 2377 591 2455 erupta,
624 2391 718 2453 quam
740 2390 864 2453 quoque
890 2371 1041 2436 Erasmus
1073 2373 1238 2453 spectabat
1263 2373 1361 2436 verba

206 2457 337 2542 pacifica
364 2461 480 2525 mundo
510 2461 680 2540 praebens;
714 2460 763 2524 ira
790 2461 953 2526 crescebat
976 2461 1127 2525 adversus
1156 2462 1223 2544 ejus
1246 2459 1361 2526 adhor-

205 2548 352 2612 tationes.
406 2547 555 2625 Quamvis
590 2549 673 2612 enim
708 2548 848 2629 epistolis
879 2550 963 2614 obsc.
998 2551 1054 2616 vir.
1091 2548 1185 2612 editis
1220 2547 1362 2613 nonnulli

197 2634 441 2713 Reuchlipistae
472 2637 581 2702 eodem
605 2641 709 2701 aninlo
733 2644 828 2716 atque
858 2635 1010 2700 Erasmus
1033 2654 1103 2702 sese
1123 2637 1359 2719 'implevissent

203 2725 347 2804 quamvis
371 2723 478 2802 multi,
503 2725 678 2805 praecipue
701 2729 866 2805 poetarum
889 2725 1040 2788 sodalitas
1063 2723 1132 2804 illa,
1169 2726 1218 2789 cui
1240 2725 1362 2789 Eobaui

205 2829 319 2876 nomen
343 2818 400 2892 est,
433 2813 595 2893 perterriti
625 2812 801 2878 acerbitate
824 2813 987 2894 pugnandi
1018 2812 1104 2877 hisce
1127 2811 1227 2876 literis
1251 2811 1362 2878 effecta

206 2899 281 2963 rixis
304 2917 367 2964 non
396 2901 463 2981 jam
493 2903 683 2965 interessent
713 2905 745 2964 et
768 2899 942 2965 'Erasmum
970 2900 1081 2964 ducem
1105 2905 1320 2982 sequerentur,
1334 2899 1361 2983 8)

317 3053 337 3122 ²)
355 3053 419 3108 ibid.

316 3127 338 3194 2)
358 3125 423 3178 ibid.
442 3125 486 3180 fol.
507 3126 554 3189 B..

314 3195 334 3263 ³)
355 3195 470 3262 Querela
489 3198 504 3248 l.
522 3213 545 3250 c.
564 3196 609 3250 fol.
628 3197 730 3260 Ab..

314 3266 336 3336 ⁴)
355 3265 473 3333 Querela
491 3267 566 3334 pacis
585 3267 600 3320 l.
620 3283 643 3320 1.
662 3267 706 3324 iol.
727 3267 762 3331 02
785 3275 813 3321 et
832 3267 957 3322 Polemos
977 3267 994 3320 l.
1015 3284 1038 3322 1.
1056 3267 1102 3321 fol.
1122 3267 1175 3330 n..

314 3341 334 3400 ⁵)
354 3336 470 3403 Querela
489 3338 505 3394 l.
527 3353 549 3391 1.
578 3337 627 3391 fol.
646 3337 698 3402 D,:
738 3337 798 3405 „Ad
816 3354 911 3405 pacem
923 3344 1022 3392 vocant
1040 3337 1094 3405 ipsi
1105 3337 1259 3405 principum
1277 3338 1362 3392 animi

204 3408 262 3475 jnm
285 3409 359 3462 velut
387 3405 513 3462 adstante
541 3407 599 3462 Deo
627 3407 662 3462 ad
686 3408 860 3462 concordiam
883 3408 1022 3477 propensi.
1059 3407 1102 3460 En
1120 3407 1249 3475 pacificus
1278 3409 1360 3476 placi-

160 3522 164 3532 .
207 3479 309 3545 dusque
329 3478 403 3532 Le0“
423 3485 474 3532 etc.
511 3478 557 3546 „Si
575 3493 639 3532 vere
658 3494 723 3532 oves
742 3479 815 3546 estis,
835 3479 979 3546 sequimini
996 3479 1162 3546 pastorem.“

315 3547 337 3617 ⁶)
355 3547 419 3603 ibid.
455 3548 531 3602 Haec
549 3547 659 3603 Erasmi
678 3547 769 3603 studia
781 3550 888 3604 omnino
908 3550 1066 3618 ignorantes
1085 3548 1174 3603 adhuc
1193 3565 1295 3618 omnes,
1314 3551 1361 3617 qui

208 3617 241 3671 de
254 3618 364 3674 Erasini
384 3619 482 3673 studiis
501 3619 687 3687 disputarunt,
707 3619 789 3673 etiam
807 3619 880 3674 bunc
897 3619 987 3676 locum
1005 3619 1041 3673 ad
1059 3619 1151 3674 studia
1168 3619 1279 3676 Erasini
1296 3629 1361 3688 post

208 3695 298 3742 ortam
316 3689 430 3744 Lutheri
449 3704 558 3744 causam
577 3691 688 3757 incepta
705 3690 844 3756 pertinere
863 3691 992 3745 arbitrati
1011 3696 1083 3744 sunt.
1120 3688 1265 3757 Querelam
1283 3692 1360 3759 pacis

203 3758 262 3826 jam
279 3775 303 3813 a.
326 3763 393 3814 1517
412 3760 545 3828 scriptam
563 3775 625 3814 esse
640 3759 884 3816 demonstravimus
903 3768 985 3828 atquc
1003 3759 1085 3814 linem
1103 3759 1203 3815 habere
1223 3777 1277 3815 non
1297 3778 1360 3830 pro-

207 3829 279 3882 xime
297 3831 378 3884 rebus
398 3829 462 3884 fidei
475 3830 602 3884 dicatum.
640 3830 766 3885 Ceterum
781 3830 839 3897 jam
853 3831 904 3884 hoc
923 3846 1019 3887 errore
1031 3830 1172 3898 opinemur
1190 3831 1262 3900 lieet,
1282 3848 1362 3900 quam

208 3900 353 3954 continuae
379 3901 483 3955 fuerint
500 3901 610 3954 Erasmi
636 3901 828 3969 cogitationes.
858 3931 889 3940 -
919 3900 1025 3956 Similes
1054 3901 1105 3955 loci
1133 3902 1306 3956 inveniuntur
1333 3903 1361 3956 in

208 3969 335 4024 Polemos
355 3970 371 4028 1,
390 3987 412 4024 1.
431 3971 476 4025 fol.
495 3972 552 4036 Dp:
590 3969 732 4040 „Concede
757 3970 895 4026 dimidium
921 3978 948 4027 te
971 3979 1034 4039 tuo,
1059 3987 1109 4040 ego
1135 3972 1305 4029 tantumdem
1329 3973 1362 4028 de

206 4055 268 4094 meo
288 4039 442 4097 concedam.
479 4041 581 4110 Quodsi
600 4057 712 4098 recusas
732 4042 875 4109 quiequam
894 4042 1054 4111 concedere,
1073 4059 1124 4112 ego
1143 4044 1184 4098 vel
1203 4045 1362 4098 universum

208 4112 348 4182 negotium
367 4118 414 4165 tuo
426 4113 555 4179 permitto
568 4111 740 4166 arbitratui.“
772 4112 941 4182 Principium
957 4113 1069 4168 statuit:
1102 4111 1211 4181 „Satius
1227 4121 1269 4169 est
1280 4114 1361 4168 reliu-

204 4183 254 4247 aqui
266 4182 371 4287 culpus,
385 4183 430 4236 111
442 4183 503 4303 11111Ι
510 4183 587 4306 gravfi
600 4184 723 4307 porlporis
732 4183 855 4251 pernicie
867 4184 971 4239 mederi
982 4198 1035 4238 nou
1045 4185 1156 4252 queas.“
1176 4184 1251 4253 (ibid.
1261 4183 1308 4242 fol.
1318 4183 1363 4252 D.)

385 4267 477 4306 nerea
507 4269 554 4308 .c.
586 4270 618 4307 o.
683 4294 689 4306 .

316 4256 339 4392 ⁸3
359 4251 564 4390 dempsehutce:
603 4287 750 4392 narrarunt
769 4323 958 4392 11111111]
976 4342 1002 4393 p.
1023 4327 1075 4380 250
1094 4341 1169 4394 seqq.
