3172 5120
801 193 839 255 16

234 369 460 445 ¹struebantur;
490 368 511 431 ii
541 366 682 447 denique,
714 367 767 447 qui
790 385 840 448 eo,
870 385 930 448 quo
954 365 1106 432 Erasmus
1129 367 1264 448 volebat,
1298 367 1400 447 modo,

242 458 342 521 veteri
365 457 464 520 statui
481 455 667 538 corrigendo
691 465 723 519 et
743 454 907 537 paullatim
930 455 1070 520 tollendo
1086 473 1214 537 operam
1230 456 1398 536 navabant,

237 543 344 609 coacti
368 550 458 608 erant
480 549 594 621 tacere,
612 559 707 624 quum
731 543 826 608 etiarn
849 543 960 608 horum
977 543 1136 608 desideria
1159 551 1268 610 contra
1291 549 1401 610 vetera

235 637 431 714 pugnarent.
446 631 470 715 1)

329 719 455 784 Erasini
476 718 574 800 igitur
597 718 727 783 consilia
743 718 862 783 dilecta
884 718 999 798 inania,
1016 716 1159 784 difficiles
1183 717 1400 785 reformandae

238 807 394 873 ecclesiae
417 807 623 872 inservientes
653 805 779 871 labores
801 805 874 869 vani
896 805 1027 887 fiebant,
1059 809 1085 872 si
1107 806 1185 872 haec
1208 826 1314 889 pugna
1336 826 1400 874 non

241 895 407 960 finiebatur
430 912 530 975 neque
553 893 694 958 homines
717 894 830 958 studiis
845 891 984 974 pacificis
1008 912 1042 959 sc
1065 895 1257 962 imbuebant.
1296 897 1399 975 Quare

242 989 407 1063 utramque
430 989 553 1063 partem
575 983 679 1047 verbis
702 980 840 1063 pacificis
865 980 948 1046 adit:

329 1069 548 1136 Reuchlinistis
570 1069 686 1135 iterum
709 1074 805 1150 atque
828 1070 941 1134 iterum
965 1069 1115 1149 declarat,
1140 1089 1174 1136 se
1198 1070 1284 1136 nullo
1308 1071 1399 1136 modo

241 1177 366 1241 pugnae
389 1159 576 1241 participem
604 1157 717 1240 forest)
753 1175 817 1221 non
845 1157 961 1222 desinit
1000 1176 1054 1224 eos
1084 1159 1268 1238 admonere,
1300 1164 1336 1222 ut
1359 1160 1399 1223 ah

239 1247 486 1329 intemperantia
501 1245 693 1325 abstineant,
716 1251 752 1309 ut
768 1245 893 1310 omnino
911 1251 1021 1328 coepto
1038 1247 1234 1325 desistant,³)
1259 1247 1287 1310 si
1302 1246 1399 1327 audit,

235 1333 377 1416 aliquem
393 1352 501 1417 eorum
523 1333 639 1399 librum
664 1334 706 1398 ad
720 1351 857 1415 pugnam
879 1334 1091 1413 pertinentem
1114 1334 1174 1408 edi,
1191 1340 1320 1399 autores
1343 1335 1398 1399 ad-

241 1441 369 1488 monere
391 1420 508 1502 studet,
532 1422 679 1486 utillum
707 1423 895 1503 opprimant,
920 1421 947 1485 si
969 1439 1068 1486 novus
1091 1421 1215 1488 libellus
1243 1423 1277 1487 in
1299 1422 1399 1488 lucem

241 1511 367 1592 prodiit,
388 1512 456 1592 jain
480 1527 516 1574 ea
540 1509 579 1575 de
603 1528 699 1575 cansa
722 1527 795 1573 eum
817 1510 985 1590 vituperat,
1010 1510 1093 1591 quod
1122 1509 1239 1576 bellum
1267 1510 1320 1575 illo
1343 1510 1399 1575 du·

242 1603 341 1664 catur.
388 1597 520 1676 Causae,
544 1598 657 1679 quihus
685 1597 764 1662 haec
798 1599 893 1662 verba
915 1598 1068 1679 nituntur,
1098 1601 1233 1680 probant
1264 1616 1336 1663 eum
1359 1599 1400 1663 ad

241 1704 350 1768 pacem
378 1686 597 1750 adhortantem
632 1686 800 1767 praecipue
834 1685 968 1750 ductum
991 1684 1088 1750 fuisse
1122 1686 1271 1752 ecclesiae
1301 1684 1399 1751 refor-

242 1775 374 1840 mandae
396 1773 516 1840 studiis.
563 1773 694 1853 Bellum,
725 1774 778 1852 ait,
811 1774 865 1854 qui
887 1792 970 1838 nunc
991 1774 1122 1856 geritur,
1152 1773 1229 1839 nihil
1251 1774 1398 1856 prodest3

241 1864 357 1927 veteris
380 1860 526 1928 factionis
556 1866 748 1943 potestatem
780 1879 927 1942 rumpere
949 1863 1067 1944 nequit,
1080 1865 1105 1940 4)
1136 1863 1240 1927 irritat
1263 1881 1334 1927 eam
1357 1861 1400 1926 ad

242 1951 433 2015 acerbiorem
457 1950 607 2014 adversus
630 1968 682 2014 res
704 1966 803 2014 novas
825 1950 913 2029 iram,
941 1951 1035 2014 immo
1058 1956 1152 2015 nocet
1174 1951 1264 2016 bonis
1288 1951 1399 2028 literis,

241 2035 396 2119 aquibhs
419 2037 572 2119 augendis
595 2039 730 2119 optimae
752 2037 836 2102 vires
850 2038 1019 2119 pugnando
1043 2039 1278 2118 detorquentur.
1286 2040 1311 2121 ⁵)
1349 2039 1399 2102 lta

241 2126 271 2204 ii,
296 2127 350 2206 qui
371 2143 454 2190 nunc
476 2143 620 2208 pugnare
642 2130 788 2206 pergunt,
821 2125 881 2206 ipsi
905 2143 981 2190 suae
1003 2125 1049 2191 rei
1071 2132 1192 2206 nocent,
1221 2132 1335 2192 nocent
1359 2127 1397 2204 ei,

242 2232 337 2295 quum
359 2219 538 2296 pugnantes
568 2219 601 2279 et
624 2215 775 2292 rixantes,
806 2231 887 2294 quae
919 2212 1102 2293 didicerunt,
1136 2233 1198 2278 non
1229 2214 1399 2280 adhibeant

242 2302 283 2366 ad
316 2302 575 2383 perscrutandam
615 2319 737 2367 sacram
774 2301 972 2384 scripturam,
983 2303 1009 2384 6)
1046 2301 1291 2383 promovendam
1325 2319 1398 2366 vere

240 2389 445 2456 christianam
467 2389 661 2472 religionem,
685 2394 799 2455 nocent
822 2389 851 2453 ei
874 2389 1018 2470 denique,
1043 2390 1127 2471 quod
1149 2387 1328 2455 defensione
1342 2389 1398 2454 Ju-

242 2477 393 2543 daeerum
408 2477 569 2555 librorum,
592 2477 745 2558 imprimis
760 2476 925 2541 Reuchlini
947 2477 1048 2542 libro:
1073 2477 1112 2542 de
1127 2488 1196 2542 arte
1220 2478 1399 2543 cabalistica

240 2565 414 2648 periculum
445 2563 596 2645 adfertur,
627 2565 727 2632 neiis
750 2566 878 2646 spiritus
900 2565 1057 2630 ludaismi
1087 2567 1272 2632 cerimonias
1294 2572 1326 2630 et
1349 2583 1397 2630 res

242 2656 413 2720 exteriores
435 2660 591 2736 appetens
613 2670 727 2716 novum
750 2653 810 2717 sibi
833 2658 937 2718 sumat
959 2653 1189 2736 alimentum‘l)

329 2741 519 2825 Hujusmodi
544 2740 843 2806 considerationibus
858 2742 1018 2821 Erasmus,
1043 2747 1079 2807 ut
1101 2741 1333 2806 Reuchlinistas
1355 2741 1397 2805 ad

241 2847 352 2910 pacem
375 2847 547 2911 propensos
569 2828 727 2907 redderet,
751 2846 881 2909 operam
904 2828 1004 2906 dedit;
1038 2847 1075 2894 ac
1098 2831 1125 2895 si
1147 2835 1215 2894 tum
1239 2829 1322 2909 apud
1345 2847 1397 2893 eos

243 2918 281 2982 de
303 2934 412 2982 eurum
434 2917 623 2984 adversariis
655 2915 844 2982 sententiam
869 2917 958 2999 dixit,
989 2916 1067 2982 haee
1091 2917 1251 2984 sententia
1274 2933 1398 2996 semper

237 3006 274 3070 in
296 3003 395 3070 talem
418 3007 567 3087 apparuit
594 3005 722 3071 redacta
744 3003 886 3084 formam,
920 3005 1023 3086 qualis
1047 3005 1142 3070 etiam
1165 3005 1204 3070 de
1227 3005 1396 3088 pugnando

242 3093 492 3158 dehortationem
516 3093 677 3158 continuit.
723 3091 794 3173 Ipse
817 3093 1012 3158 scholasticis
1043 3095 1170 3158 minime
1192 3094 1311 3157 amicus
1336 3110 1397 3156 non

235 3185 366 3264 poterat
388 3180 578 3261 desiderare,
611 3185 647 3243 ut
668 3180 901 3246 Reuchlinistae
930 3181 1042 3246 melius
1066 3180 1104 3245 de
1127 3181 1238 3246 studiis
1262 3199 1398 3246 commu-

241 3270 328 3335 nium
361 3269 614 3334 adversariorum
645 3267 833 3350 judicarent.
889 3267 950 3334 Sed
985 3274 1020 3333 ut
1050 3269 1134 3350 apud
1163 3267 1398 3334 Reuchlinistas

242 3357 446 3423 scholasticos
469 3355 724 3438 reprehenderet,
740 3357 907 3438 praecipue
929 3375 966 3420 ea
988 3376 1023 3421 re
1039 3358 1287 3437 permovebatur,
1305 3355 1397 3436 quod,

352 3549 370 3616 1)
389 3548 486 3617 „Quod
505 3548 528 3601 si
546 3552 662 3615 pergent
684 3547 720 3603 ad
737 3549 822 3603 istum
841 3549 949 3603 modum
968 3550 1079 3618 nugari,
1108 3548 1242 3616 efficient,
1270 3555 1300 3602 ut
1318 3547 1398 3601 bonis

243 3619 325 3675 etiam
344 3619 523 3687 scriptoribus
542 3618 702 3686 imponatur
721 3619 884 3673 silentium.“
921 3619 980 3688 (Er.
999 3636 1060 3688 epp.
1079 3637 1105 3688 p.
1126 3621 1211 3688 1626.)

350 3689 369 3756 ²]
388 3689 437 3742 Er.
457 3705 518 3757 epp.
536 3704 560 3742 e.
580 3705 605 3757 g.
624 3705 651 3756 p.
670 3690 800 3744 384-85.

349 3761 369 3824 ³)
388 3759 453 3814 ibid.
471 3776 498 3827 p.
519 3761 584 3813 1641
606 3759 658 3827 (ep.
677 3759 837 3814 Pirkhemio
855 3760 961 3829 missa).

350 3829 372 3898 ⁴)
392 3829 513 3898 Spongia
542 3829 653 3884 Erasini
687 3827 818 3884 adversus
846 3831 1008 3900 aspergines
1039 3830 1155 3886 Hutteni
1189 3846 1233 3899 ap.
1262 3829 1398 3896 Btclring:

243 3898 445 4030 Huttenipoff'
458 3901 481 4024 ἐ.
500 3915 522 3954 c.
541 3900 638 4024 volmlg
656 3917 682 3968 p.
701 3903 832 3956 277-78.

240 4071 242 4076 .
349 4043 369 4109 8)
388 4012 436 4094 Er:
449 3986 782 4122 effi'pP'sstIduttenum
794 4041 876 4110 hujus
896 4042 938 4096 rei
950 4041 1086 4097 admonet.
1124 4042 1236 4110 „Malim
1248 4057 1298 4110 ego
1312 4047 1400 4122 totum

242 4111 837 4236 gilpnussemlggil'raitssrilgrngoplrzgrznreegangelium
850 4113 1049 4181 explanandum
1067 4114 1211 4181 insumere,
1230 4129 1312 4180 quam
1330 4110 1400 4165 diem

280 4199 292 4250 J
352 4254 373 4318 ⁷)
391 4251 455 4306 ibid.
475 4269 501 4320 p.
522 4255 604 4320 16753
624 4269 648 4310 v.
669 4223 696 4308 d.
714 4251 804 4307 Hardt
822 4253 837 4306 l.
851 4268 873 4306 e.
893 4253 944 4321 lp.
964 4255 1013 4320 303
1033 4252 1210 4321 Herminjard
1229 4253 1246 4306 l.
1259 4267 1281 4307 c.
1294 4252 1307 4305 I
1319 4267 1345 4319 p.
1358 4254 1399 4305 30.
