3172 5120
714 237 805 318 oe

205 433 259 514 qui
284 431 407 516 factiosi
439 434 683 512 cognoscantur,
716 429 831 494 scholis
855 434 948 509 utque
982 429 1122 494 ecclesiis
1147 429 1365 510 dimoveantur

205 521 378 600 horumque
395 519 463 582 loco
480 519 539 580 viri
555 517 721 600 eligantur,
743 517 814 597 ,qui
829 518 905 584 nihil
923 520 1081 600 attingant
1098 518 1364 582 contentiosorum

207 611 401 690 dogmatum,
426 606 483 671 sed
514 624 552 670 ea
583 607 746 670 clumtarat
769 605 910 682 tradant,
945 623 1026 686 quae
1060 605 1128 670 sine
1151 605 1365 676 controversia

206 695 324 761 faciant
358 695 398 758 ad
421 695 572 775 pietatem
605 698 637 756 et
658 693 697 756 ad
729 692 827 757 bonos
859 697 992 760 mores“
1010 697 1033 771 1)
1086 693 1217 758 Errasti
1246 691 1364 776 populo

206 784 394 864 simpliciter
416 782 642 862 ignoscendum
665 781 795 863 ejusque
825 781 901 845 vitia
923 779 1022 861 primo
1045 781 1157 846 sanari·
1175 781 1365 844 studendum

207 889 286 950 esse,
311 871 365 935 ubi
387 870 560 950 irruperint
582 887 633 932 res
658 887 767 948 novae,
789 869 822 932 id
837 866 1035 933 efficiendum
1058 886 1136 948 esse,
1160 875 1196 933 ut
1220 887 1276 949 per
1300 887 1365 932 me·

206 961 359 1042 gistratus
381 958 518 1038 primum
550 958 644 1022 liceat
675 957 786 1037 cuique
809 956 980 1022 secundum
1004 957 1227 1021 conscientiam
1250 957 1364 1034 vivere,

205 1048 345 1113 homines
375 1051 482 1110 autern
509 1045 658 1109 seditiose
682 1051 811 1126 agentes
834 1045 1028 1126 gravissimis
1052 1046 1160 1124 poenis
1180 1043 1364 1110 afficiantur.

206 1137 333 1200 Interea
356 1133 565 1214 incipiendum
599 1151 669 1220 esse
693 1133 828 1196 archus
857 1132 1010 1197 ecclesiae
1040 1131 1260 1210 reformandis,
1291 1131 1366 1198 reli-

210 1241 332 1303 quaque
355 1223 459 1286 crnnia
482 1221 523 1284 ad
546 1220 698 1302 synodum
722 1220 902 1302 generalem
926 1220 1097 1300 rejicienda
1121 1237 1201 1285 esse.
1237 1219 1283 1283 Ex
1307 1219 1366 1284 hoc

206 1309 336 1375 consilio
359 1309 494 1390 pristina
517 1308 574 1374 illa
596 1309 721 1374 Erasmi
745 1308 904 1372 sententia
919 1312 1028 1388 aperte
1052 1308 1262 1389 cognoscitur,
1289 1308 1365 1389 dog-

208 1405 294 1462 mata
327 1397 360 1460 in
394 1396 555 1478 theologia
588 1415 651 1460 non
685 1396 817 1460 multum
849 1395 970 1473 valere,
1005 1395 1175 1477 plurimum
1206 1395 1366 1460 doctrinas

206 1485 354 1550 morales.
406 1485 510 1565 Atque
538 1490 575 1548 ut
608 1484 690 1549 hanc
713 1485 919 1561 senteutiam,
951 1484 997 1546 ita
1027 1482 1122 1547 ctiam
1154 1487 1260 1546 cetera
1291 1488 1365 1549 ante

209 1574 339 1638 Lutheri
362 1575 466 1636 ortum
490 1578 651 1636 certamen
678 1572 822 1636 stabilita
854 1570 1010 1651 principia
1039 1574 1219 1636 constanter
1250 1570 1367 1635 retine·

206 1662 272 1725 bat.
287 1663 313 1744 2)
364 1659 452 1736 Quae
485 1660 611 1741 saepius
643 1665 739 1740 atque
772 1661 804 1723 in
839 1659 934 1723 rebus
970 1659 1076 1739 magni
1110 1659 1260 1722 momenti
1294 1677 1365 1723 curn

208 1749 339 1815 liutheri
363 1748 515 1812 doctrinis
538 1747 763 1829 congruebant,
787 1765 887 1827 neque
909 1745 987 1811 haec
1010 1745 1173 1811 consensio
1200 1746 1289 1811 laesa
1311 1752 1367 1811 aut

208 1836 314 1902 deleta
350 1840 399 1900 est
427 1836 599 1900 certamine
627 1835 695 1912 illo,
730 1835 815 1915 quod
845 1853 873 1900 a.
909 1839 991 1898 1524
1025 1835 1108 1898 inter
1138 1833 1306 1899 Erasmum
1335 1839 1366 1900 et

203 1924 382 1988 Lutherum
413 1930 553 1988 exortum
582 1927 638 1986 est.
691 1923 770 1986 Narn
805 1923 941 2002 primurn
973 1921 1099 2002 quidem
1133 1919 1259 1986 Erasini
1293 1923 1366 1987 libri

164 2072 168 2080 .
211 2012 393 2093 compositio
425 2030 487 2076 non
516 2011 556 2075 ab
587 2012 690 2075 intimi
723 2011 819 2074 animi
846 2016 934 2075 motu
956 2007 1111 2090 proiecta,
1147 2011 1203 2074 sed
1222 2009 1373 2075 aliorum

207 2098 346 2180 impulsu
375 2096 485 2164 effecta
517 2105 575 2164 est.
589 2103 615 2178 3)
671 2099 820 2176 Accessit,
855 2097 941 2178 quod
975 2097 1127 2162 Erasmus
1160 2097 1198 2160 de
1223 2098 1367 2163 doctrina

208 2187 371 2266 disseruit,
407 2205 500 2268 quam
525 2188 627 2250 minus
651 2185 801 2264 defendit,
834 2191 870 2250 ut
900 2186 1016 2249 veteris
1039 2184 1191 2250 ecclesiae
1214 2187 1364 2268 dogmata
1441 2267 1442 2270 Ἴ
1481 2207 1482 2212 ’

209 2280 367 2352 tueretur,
403 2276 459 2339 sed
489 2280 525 2338 ut
554 2274 674 2354 pietati,
706 2273 796 2338 bonis
829 2273 968 2338 moribus
999 2272 1202 2337 restituendis
1236 2291 1365 2354 operam

208 2369 350 2427 navaret.
397 2361 478 2426 Nam
507 2379 604 2442 quum
632 2362 740 2425 statim
770 2361 809 2424 ab
833 2361 921 2426 initio
952 2359 1076 2424 Era'smi
1104 2360 1292 2442 principium
1316 2380 1366 2432 ec-

151 2519 157 2530 ,
204 2449 323 2514 *clesiae
353 2451 575 2514 auctoritatem
602 2449 804 2527 servandam,
836 2447 967 2529 singulis
991 2466 1053 2512 nou
1087 2449 1274 2528 permissum
1298 2466 1370 2527 esse

203 2538 360 2604 adversus
394 2537 480 2602 illam
511 2555 562 2602 res
591 2555 689 2601 novas
717 2537 865 2600 inducere
906 2537 1075 2617 praecipue
1109 2535 1243 2600 Lutheri
1273 2542 1368 2617 atque

209 2626 335 2690 Erasmi
358 2627 549 2689 consortium
573 2625 794 2705 prohibuisset,
825 2625 977 2688 Erasmus
1001 2625 1094 2688 etiam
1118 2623 1240 2704 longius
1264 2643 1284 2687 a
1307 2623 1366 2686 Lu-

203 2711 300 2777 ·thero
323 2715 460 2792 recessit,
486 2714 539 2777 ubi
562 2713 694 2776 Lutheri
709 2713 801 2777 modo
825 2711 966 2776 stabilita
982 2711 1126 2776 doctrina
1150 2711 1368 2792 theologorum

203 2799 462 2884 ,evangelicorum
493 2801 697 2880 discordiam,
732 2799 840 2880 populi
871 2799 1021 2864 seditiosa
1052 2798 1155 2863 studia
1185 2817 1223 2864 ac
1246 2817 1367 2864 morum

208 2889 465 2968 depravationem
487 2889 520 2952 in
544 2888 610 2952 dies
633 2893 869 2953 accrescentem
892 2887 1012 2969 vidit,4)
1037 2887 1091 2951 ubi
1114 2886 1211 2968 igitur
1234 2885 1368 2952 Lutheri

209 2974 390 3040 reformatio
421 2994 483 3040 non
514 2977 546 3040 id
569 2973 685 3056 effecit,
718 2977 803 3056 quod
833 2976 986 3040 Erasmus
1018 2976 1155 3055 primurn
1177 2973 1369 3040 reformandi

211 3075 420 3100 ,ἥ-

319 3115 338 3182 ¹)
356 3115 405 3168 Er.
425 3131 485 3184 epp.
505 3131 530 3183 p.
550 3117 609 3168 962.

318 3185 338 3252 2)
358 3187 504 3254 Hottinger
519 3187 532 3237 Ι.
546 3201 568 3241 c.
582 3185 634 3240 vol.
647 3185 684 3238 Vl
697 3202 722 3252 p.
736 3187 782 3238 29:
798 3185 876 3252 „Non
888 3183 974 3252 prodo
988 3184 1145 3238 libertatern
1157 3183 1369 3250 evangelicam“;

210 3271 237 3322 p.
257 3257 302 3308 30:
324 3255 433 3323 „videor
451 3256 518 3309 mihi
536 3255 594 3310 fere
614 3259 704 3310 omnia
724 3255 859 3320 docuisse,
878 3269 950 3321 quae
969 3253 1207 3320 docetLutherus,
1226 3254 1278 3307 nisi
1296 3253 1370 3320 quod

209 3341 265 3380 nou
283 3332 340 3379 tam
366 3327 513 3394 atrociter,
538 3326 665 3394 quodque
690 3325 809 3380 abstinui
834 3325 1032 3392 aquibusdam
1057 3325 1219 3392 aenigmatis
1243 3329 1270 3378 et
1288 3339 1368 3391 pera·

210 3394 315 3449 doxis.“
336 3425 367 3434 —
388 3396 508 3464 Catalog.
529 3397 545 3447 l.
565 3411 587 3454 c.
607 3395 652 3452 iol.
672 3397 722 3459 D4:
755 3397 901 3464 „Magnum
926 3411 992 3448 vero
1012 3395 1130 3462 crimen,
1156 3395 1188 3463 si,
1207 3393 1281 3461 quod
1299 3411 1370 3451 nunc

211 3465 341 3520 seditiose
359 3465 397 3533 fit,
417 3467 495 3534 cupio
516 3467 585 3520 citra
604 3467 766 3521 seditionem
784 3465 845 3520 fieri
862 3465 1017 3534 principum
1036 3465 1177 3520 assensu“.
1195 3494 1228 3502 -
1241 3465 1289 3518 Er.
1309 3480 1370 3532 epp.

210 3552 237 3604 p.
256 3538 377 3590 sto-31
407 3535 550 3605 (Erasmus
575 3536 783 3590 Melanchthoni
811 3539 849 3590 10.
871 3535 935 3590 Dec.
959 3550 984 3592 a.
1010 3534 1100 3604 1524):
1131 3551 1202 3603 „non
1226 3534 1371 3589 defuturus

211 3621 271 3660 sum
289 3607 446 3730 {vangelicio
474 3607 600 3675 negotio“
631 3607 712 3728 „illud
738 3607 879 3731 pom'ctelr'
907 3607 1274 3730 r‘penffinquagnssscientem
1296 3620 1373 3659 arma

207 3692 289 3744 ‘⁰⁰¹¹'
305 3692 417 3814 ”tubal
436 3693 907 3816 {titttlluttthltltet:
935 3675 996 3814 ill
1016 3677 1217 3814 ‘deul-uo.
1247 3743 1324 3826 sat,
1346 3761 1372 3800 a.

213 3816 307 3886 1524);
336 3817 474 3886 Episcopo
498 3817 623 3872 Roffensi
656 3817 732 3886 (ibid.
756 3835 782 3886 p.
801 3819 853 3872 815
871 3821 896 3872 4.
916 3817 991 3886 Sept.
1016 3816 1101 3883 1524).
1138 3815 1225 3883 Quam
1247 3822 1372 3884 grauiter

209 3901 276 3954 sepe
296 3887 460 3941 'admonitus
481 3888 527 3956 sit,
555 3895 586 3941 ut
604 3893 700 3942 contra
717 3889 869 3942 Lutherum
894 3889 990 3942 librum
1014 3886 1135 3954 emittat,
1163 3886 1281 3954 probant
1300 3885 1371 3938 Ton-

210 3957 298 4025 stalli,
323 3958 447 4026 episcopi
465 3957 648 4012 Londinensis
676 3957 770 4013 verba:
800 3959 870 4026 „Per
893 3974 943 4026 ego
971 3966 1000 4012 te
1019 3957 1124 4011 Christi
1152 3962 1195 4010 tot
1222 3956 1371 4010 exhaustos

210 4027 322 4081 mortali
340 4043 456 4096 corpore
475 4028 590 4096 labores,
610 4043 660 4096 per
678 4028 753 4082 illum
776 4029 949 4097 sanguinem,
978 4043 1059 4095 quem
1083 4027 1111 4080 in
1134 4025 1227 4080 mundi
1254 4027 1373 4094 pretium

210 4097 387 4152 moribundus
405 4098 537 4168 profudit,
555 4100 621 4166 per“
642 4105 693 4154 etc.
713 4105 765 4152 etc.
785 4099 918 4167 ,obsecro
936 4105 1020 4166 atque
1045 4097 1171 4152 obtestor
1189 4104 1230 4166 te,
1249 4095 1373 4165 Erasme,

209 4167 290 4290 immio
309 4182 374 4266 reike
392 4175 422 4292 {e
440 4176 503 4223 orat
522 4175 549 4224 et
569 4169 726 4224 obtestatur
745 4169 868 4238 eeclesia,
887 4175 918 4223 ut
937 4185 997 4224 curn
1016 4168 1068 4223 hae
1081 4166 1169 4236 hydra
1181 4166 1290 4221 tandem
1310 4182 1372 4222 con-

210 4253 258 4303 g..
279 4240 903 4386 u.„tuus-sutlalttl1...
923 4314 951 4363 ..
971 4313 1013 4366 11.
