<?xml version="1.0" encoding="UTF-8"?>
<!DOCTYPE html PUBLIC "-//W3C//DTD XHTML 1.0 Transitional//EN"
    "http://www.w3.org/TR/xhtml1/DTD/xhtml1-transitional.dtd">
<html xmlns="http://www.w3.org/1999/xhtml" xml:lang="en" lang="en">
 <head>
  <title>
</title>
<meta http-equiv="Content-Type" content="text/html;charset=utf-8" />
  <meta name='ocr-system' content='tesseract 3.04.00' />
  <meta name='ocr-capabilities' content='ocr_page ocr_carea ocr_par ocr_line ocrx_word'/>
</head>
<body>
  <div class='ocr_page' id='page_1' title='image "./deerasmirotterd00wokegoog_0031.png"; bbox 0 0 3172 5120; ppageno 0'>
   <div class='ocr_carea' id='block_1_1' title="bbox 729 246 768 305">
    <p class='ocr_par' dir='ltr' id='par_1_1' title="bbox 729 246 768 305">
     <span class='ocr_line' id='line_1_1' title="bbox 729 246 768 305; baseline -0.026 0"><span class='ocrx_word' id='word_1_1' title='bbox 729 246 768 305; x_wconf 86' lang='lat'>21</span> 
     </span>
    </p>
   </div>
   <div class='ocr_carea' id='block_1_2' title="bbox 170 415 1363 2517">
    <p class='ocr_par' dir='ltr' id='par_1_2' title="bbox 170 415 1363 2517">
     <span class='ocr_line' id='line_1_2' title="bbox 170 415 1334 500; baseline 0.003 -20"><span class='ocrx_word' id='word_1_2' title='bbox 170 416 291 498; x_wconf 84' lang='lat' dir='ltr'>judicia</span> <span class='ocrx_word' id='word_1_3' title='bbox 324 435 374 480; x_wconf 90' lang='lat' dir='ltr'>me</span> <span class='ocrx_word' id='word_1_4' title='bbox 398 434 439 480; x_wconf 90' lang='lat' dir='ltr'>ne</span> <span class='ocrx_word' id='word_1_5' title='bbox 462 415 620 480; x_wconf 89' lang='lat' dir='ltr'>tantillum</span> <span class='ocrx_word' id='word_1_6' title='bbox 654 421 850 482; x_wconf 82' lang='lat' dir='ltr'>moverunt.“</span> <span class='ocrx_word' id='word_1_7' title='bbox 871 417 895 500; x_wconf 87' lang='lat'>1)</span> <span class='ocrx_word' id='word_1_8' title='bbox 941 417 1051 497; x_wconf 84' lang='lat' dir='ltr'>Neque</span> <span class='ocrx_word' id='word_1_9' title='bbox 1075 419 1251 500; x_wconf 82' lang='lat' dir='ltr'>quidquam</span> <span class='ocrx_word' id='word_1_10' title='bbox 1276 419 1334 484; x_wconf 89' lang='lat' dir='ltr'>ad-</span> 
     </span>
     <span class='ocr_line' id='line_1_3' title="bbox 173 503 1331 589; baseline 0.003 -23"><span class='ocrx_word' id='word_1_11' title='bbox 173 503 306 568; x_wconf 87' lang='lat' dir='ltr'>versarii</span> <span class='ocrx_word' id='word_1_12' title='bbox 322 504 390 584; x_wconf 85' lang='lat' dir='ltr'>ejus</span> <span class='ocrx_word' id='word_1_13' title='bbox 405 503 598 583; x_wconf 88' lang='lat' dir='ltr'>Hochstrati,</span> <span class='ocrx_word' id='word_1_14' title='bbox 614 503 794 584; x_wconf 88' lang='lat' dir='ltr'>Prieriates,</span> <span class='ocrx_word' id='word_1_15' title='bbox 812 505 908 586; x_wconf 81' lang='lat' dir='ltr'>Eceii,</span> <span class='ocrx_word' id='word_1_16' title='bbox 933 523 994 585; x_wconf 92' lang='lat' dir='ltr'>quo</span> <span class='ocrx_word' id='word_1_17' title='bbox 1010 505 1093 572; x_wconf 90' lang='lat' dir='ltr'>hunc</span> <span class='ocrx_word' id='word_1_18' title='bbox 1110 507 1176 589; x_wconf 88' lang='lat' dir='ltr'>ejus</span> <span class='ocrx_word' id='word_1_19' title='bbox 1193 507 1331 570; x_wconf 90' lang='lat' dir='ltr'>animum</span> 
     </span>
     <span class='ocr_line' id='line_1_4' title="bbox 173 591 1331 674; baseline 0.003 -19"><span class='ocrx_word' id='word_1_20' title='bbox 173 591 367 672; x_wconf 76' lang='lat' dir='ltr'>stabilirent,</span> <span class='ocrx_word' id='word_1_21' title='bbox 402 591 692 672; x_wconf 89' lang='lat' dir='ltr'>praetermiserunt.</span> <span class='ocrx_word' id='word_1_22' title='bbox 739 591 849 674; x_wconf 80' lang='lat' dir='ltr'>Pugna</span> <span class='ocrx_word' id='word_1_23' title='bbox 879 592 1054 674; x_wconf 87' lang='lat' dir='ltr'>periculoso</span> <span class='ocrx_word' id='word_1_24' title='bbox 1081 595 1173 659; x_wconf 92' lang='lat' dir='ltr'>modo</span> <span class='ocrx_word' id='word_1_25' title='bbox 1201 591 1331 659; x_wconf 88' lang='lat' dir='ltr'>efferve-</span> 
     </span>
     <span class='ocr_line' id='line_1_5' title="bbox 173 678 1331 763; baseline 0.001 -20"><span class='ocrx_word' id='word_1_26' title='bbox 173 679 281 744; x_wconf 89' lang='lat' dir='ltr'>scebat</span> <span class='ocrx_word' id='word_1_27' title='bbox 303 684 398 760; x_wconf 89' lang='lat' dir='ltr'>atque</span> <span class='ocrx_word' id='word_1_28' title='bbox 419 679 484 759; x_wconf 87' lang='lat' dir='ltr'>jam</span> <span class='ocrx_word' id='word_1_29' title='bbox 507 678 631 760; x_wconf 84' lang='lat' dir='ltr'>plebem</span> <span class='ocrx_word' id='word_1_30' title='bbox 653 680 779 744; x_wconf 89' lang='lat' dir='ltr'>irritare</span> <span class='ocrx_word' id='word_1_31' title='bbox 803 686 937 761; x_wconf 92' lang='lat' dir='ltr'>utraque</span> <span class='ocrx_word' id='word_1_32' title='bbox 959 699 1034 761; x_wconf 87' lang='lat' dir='ltr'>pars</span> <span class='ocrx_word' id='word_1_33' title='bbox 1056 681 1237 763; x_wconf 82' lang='lat' dir='ltr'>incipiebat.</span> <span class='ocrx_word' id='word_1_34' title='bbox 1269 683 1331 748; x_wconf 88' lang='lat' dir='ltr'>Lu-</span> 
     </span>
     <span class='ocr_line' id='line_1_6' title="bbox 172 766 1331 850; baseline 0.002 -19"><span class='ocrx_word' id='word_1_35' title='bbox 172 766 282 832; x_wconf 87' lang='lat' dir='ltr'>thcrus</span> <span class='ocrx_word' id='word_1_36' title='bbox 306 786 376 832; x_wconf 86' lang='lat' dir='ltr'>curn</span> <span class='ocrx_word' id='word_1_37' title='bbox 392 767 535 832; x_wconf 91' lang='lat' dir='ltr'>Hutteno</span> <span class='ocrx_word' id='word_1_38' title='bbox 551 770 737 850; x_wconf 84' lang='lat' dir='ltr'>conjunctus</span> <span class='ocrx_word' id='word_1_39' title='bbox 753 769 962 834; x_wconf 81' lang='lat' dir='ltr'>conviciantes</span> <span class='ocrx_word' id='word_1_40' title='bbox 979 775 1012 833; x_wconf 89' lang='lat' dir='ltr'>et</span> <span class='ocrx_word' id='word_1_41' title='bbox 1026 769 1189 835; x_wconf 89' lang='lat' dir='ltr'>irritantes</span> <span class='ocrx_word' id='word_1_42' title='bbox 1203 769 1331 835; x_wconf 89' lang='lat' dir='ltr'>libellos</span> 
     </span>
     <span class='ocr_line' id='line_1_7' title="bbox 174 854 1331 938; baseline 0.003 -20"><span class='ocrx_word' id='word_1_43' title='bbox 174 855 347 934; x_wconf 82' lang='lat' dir='ltr'>emittebat,</span> <span class='ocrx_word' id='word_1_44' title='bbox 372 856 426 936; x_wconf 91' lang='lat' dir='ltr'>qui</span> <span class='ocrx_word' id='word_1_45' title='bbox 449 854 545 919; x_wconf 90' lang='lat' dir='ltr'>animi</span> <span class='ocrx_word' id='word_1_46' title='bbox 567 856 730 936; x_wconf 88' lang='lat' dir='ltr'>popularis</span> <span class='ocrx_word' id='word_1_47' title='bbox 753 857 834 920; x_wconf 91' lang='lat' dir='ltr'>iram</span> <span class='ocrx_word' id='word_1_48' title='bbox 858 856 989 936; x_wconf 89' lang='lat' dir='ltr'>spirant,</span> <span class='ocrx_word' id='word_1_49' title='bbox 1014 864 1046 921; x_wconf 90' lang='lat' dir='ltr'>et</span> <span class='ocrx_word' id='word_1_50' title='bbox 1062 858 1102 921; x_wconf 91' lang='lat' dir='ltr'>ab</span> <span class='ocrx_word' id='word_1_51' title='bbox 1124 857 1223 922; x_wconf 90' lang='lat' dir='ltr'>altera</span> <span class='ocrx_word' id='word_1_52' title='bbox 1239 863 1331 938; x_wconf 89' lang='lat' dir='ltr'>parte</span> 
     </span>
     <span class='ocr_line' id='line_1_8' title="bbox 174 941 1363 1034; baseline 0.003 -28"><span class='ocrx_word' id='word_1_53' title='bbox 174 942 321 1008; x_wconf 90' lang='lat' dir='ltr'>monachi</span> <span class='ocrx_word' id='word_1_54' title='bbox 344 962 381 1007; x_wconf 88' lang='lat' dir='ltr'>aa</span> <span class='ocrx_word' id='word_1_55' title='bbox 404 942 584 1008; x_wconf 89' lang='lat' dir='ltr'>sacerdotes</span> <span class='ocrx_word' id='word_1_56' title='bbox 601 944 801 1008; x_wconf 85' lang='lat' dir='ltr'>concionibus</span> <span class='ocrx_word' id='word_1_57' title='bbox 816 944 966 1034; x_wconf 91' lang='lat' dir='ltr'>populum</span> <span class='ocrx_word' id='word_1_58' title='bbox 983 944 1215 1010; x_wconf 84' lang='lat' dir='ltr'>exacerbabant</span> <span class='ocrx_word' id='word_1_59' title='bbox 1237 951 1332 1026; x_wconf 89' lang='lat' dir='ltr'>atque</span> <span class='ocrx_word' id='word_1_60' title='bbox 1360 941 1363 948; x_wconf 82' lang='grc'><strong>’</strong></span> 
     </span>
     <span class='ocr_line' id='line_1_9' title="bbox 178 1030 1329 1114; baseline 0.002 -20"><span class='ocrx_word' id='word_1_61' title='bbox 178 1030 237 1108; x_wconf 91' lang='lat' dir='ltr'>,ad</span> <span class='ocrx_word' id='word_1_62' title='bbox 260 1030 401 1112; x_wconf 84' lang='lat' dir='ltr'>lapides“</span> <span class='ocrx_word' id='word_1_63' title='bbox 427 1031 652 1110; x_wconf 87' lang='lat' dir='ltr'>provocabant.</span> <span class='ocrx_word' id='word_1_64' title='bbox 666 1032 692 1114; x_wconf 77' lang='lat'>²)</span> <span class='ocrx_word' id='word_1_65' title='bbox 736 1031 817 1095; x_wconf 84' lang='lat' dir='ltr'>Tum</span> <span class='ocrx_word' id='word_1_66' title='bbox 838 1037 923 1097; x_wconf 87' lang='lat' dir='ltr'>certo</span> <span class='ocrx_word' id='word_1_67' title='bbox 940 1032 1036 1095; x_wconf 88' lang='lat' dir='ltr'>animi</span> <span class='ocrx_word' id='word_1_68' title='bbox 1051 1033 1173 1112; x_wconf 88' lang='lat' dir='ltr'>providi</span> <span class='ocrx_word' id='word_1_69' title='bbox 1189 1039 1220 1096; x_wconf 90' lang='lat' dir='ltr'>et</span> <span class='ocrx_word' id='word_1_70' title='bbox 1236 1033 1329 1110; x_wconf 88' lang='lat' dir='ltr'>cauti,</span> 
     </span>
     <span class='ocr_line' id='line_1_10' title="bbox 174 1119 1333 1200; baseline 0.001 -18"><span class='ocrx_word' id='word_1_71' title='bbox 174 1137 267 1198; x_wconf 90' lang='lat' dir='ltr'>quem</span> <span class='ocrx_word' id='word_1_72' title='bbox 292 1119 396 1182; x_wconf 89' lang='lat' dir='ltr'>adhuc</span> <span class='ocrx_word' id='word_1_73' title='bbox 425 1119 457 1181; x_wconf 92' lang='lat' dir='ltr'>in</span> <span class='ocrx_word' id='word_1_74' title='bbox 485 1119 616 1183; x_wconf 86' lang='lat' dir='ltr'>Lutheri</span> <span class='ocrx_word' id='word_1_75' title='bbox 647 1121 774 1200; x_wconf 85' lang='lat' dir='ltr'>negotio</span> <span class='ocrx_word' id='word_1_76' title='bbox 809 1120 1032 1200; x_wconf 84' lang='lat' dir='ltr'>praestiterat,</span> <span class='ocrx_word' id='word_1_77' title='bbox 1069 1119 1237 1185; x_wconf 87' lang='lat' dir='ltr'>Erasmum</span> <span class='ocrx_word' id='word_1_78' title='bbox 1269 1139 1333 1184; x_wconf 96' lang='lat' dir='ltr'>non</span> 
     </span>
     <span class='ocr_line' id='line_1_11' title="bbox 174 1205 1331 1292; baseline 0.002 -22"><span class='ocrx_word' id='word_1_79' title='bbox 174 1205 376 1289; x_wconf 72' lang='lat' dir='ltr'>poenitebat,</span> <span class='ocrx_word' id='word_1_80' title='bbox 411 1205 562 1270; x_wconf 89' lang='lat' dir='ltr'>sollicitus</span> <span class='ocrx_word' id='word_1_81' title='bbox 587 1212 692 1271; x_wconf 87' lang='lat' dir='ltr'>autern</span> <span class='ocrx_word' id='word_1_82' title='bbox 716 1205 822 1271; x_wconf 87' lang='lat' dir='ltr'>futura</span> <span class='ocrx_word' id='word_1_83' title='bbox 852 1209 1070 1292; x_wconf 75' lang='lat' dir='ltr'>exspectabat,</span> <span class='ocrx_word' id='word_1_84' title='bbox 1106 1209 1206 1273; x_wconf 90' lang='lat' dir='ltr'>multo</span> <span class='ocrx_word' id='word_1_85' title='bbox 1230 1210 1331 1289; x_wconf 80' lang='lat' dir='ltr'>magis</span> 
     </span>
     <span class='ocr_line' id='line_1_12' title="bbox 173 1293 1332 1379; baseline 0.003 -22"><span class='ocrx_word' id='word_1_86' title='bbox 173 1311 267 1374; x_wconf 90' lang='lat' dir='ltr'>quam</span> <span class='ocrx_word' id='word_1_87' title='bbox 284 1295 456 1358; x_wconf 87' lang='lat' dir='ltr'>certamine</span> <span class='ocrx_word' id='word_1_88' title='bbox 471 1293 683 1379; x_wconf 84' lang='lat' dir='ltr'>Reuoblinico,</span> <span class='ocrx_word' id='word_1_89' title='bbox 704 1313 744 1358; x_wconf 90' lang='lat' dir='ltr'>ne</span> <span class='ocrx_word' id='word_1_90' title='bbox 759 1295 880 1375; x_wconf 83' lang='lat' dir='ltr'>pugnis,</span> <span class='ocrx_word' id='word_1_91' title='bbox 905 1295 1102 1375; x_wconf 91' lang='lat' dir='ltr'>tumultibus,</span> <span class='ocrx_word' id='word_1_92' title='bbox 1128 1296 1332 1361; x_wconf 85' lang='lat' dir='ltr'>seditionibus</span> 
     </span>
     <span class='ocr_line' id='line_1_13' title="bbox 174 1381 1332 1463; baseline 0.002 -19"><span class='ocrx_word' id='word_1_93' title='bbox 174 1382 387 1462; x_wconf 84' lang='lat' dir='ltr'>augendarum</span> <span class='ocrx_word' id='word_1_94' title='bbox 411 1383 563 1446; x_wconf 88' lang='lat' dir='ltr'>bonarmn</span> <span class='ocrx_word' id='word_1_95' title='bbox 586 1381 764 1460; x_wconf 87' lang='lat' dir='ltr'>literarum,</span> <span class='ocrx_word' id='word_1_96' title='bbox 790 1381 1058 1446; x_wconf 79' lang='lat' dir='ltr'>reformandorum</span> <span class='ocrx_word' id='word_1_97' title='bbox 1082 1402 1217 1463; x_wconf 91' lang='lat' dir='ltr'>morum,</span> <span class='ocrx_word' id='word_1_98' title='bbox 1242 1385 1332 1448; x_wconf 90' lang='lat' dir='ltr'>resti-</span> 
     </span>
     <span class='ocr_line' id='line_1_14' title="bbox 172 1469 1331 1551; baseline 0.003 -19"><span class='ocrx_word' id='word_1_99' title='bbox 172 1470 311 1534; x_wconf 90' lang='lat' dir='ltr'>tuendae</span> <span class='ocrx_word' id='word_1_100' title='bbox 346 1469 545 1551; x_wconf 84' lang='lat' dir='ltr'>cvangelicae</span> <span class='ocrx_word' id='word_1_101' title='bbox 581 1469 742 1534; x_wconf 90' lang='lat' dir='ltr'>doctrinae</span> <span class='ocrx_word' id='word_1_102' title='bbox 782 1469 887 1533; x_wconf 89' lang='lat' dir='ltr'>studia</span> <span class='ocrx_word' id='word_1_103' title='bbox 927 1471 1150 1550; x_wconf 86' lang='lat' dir='ltr'>turbarentur,</span> <span class='ocrx_word' id='word_1_104' title='bbox 1190 1472 1331 1536; x_wconf 88' lang='lat' dir='ltr'>timebat.</span> 
     </span>
     <span class='ocr_line' id='line_1_15' title="bbox 173 1556 1330 1639; baseline 0.004 -21"><span class='ocrx_word' id='word_1_105' title='bbox 173 1556 322 1622; x_wconf 84' lang='lat' dir='ltr'>Faciebat</span> <span class='ocrx_word' id='word_1_106' title='bbox 344 1558 443 1638; x_wconf 84' lang='lat' dir='ltr'>igitur</span> <span class='ocrx_word' id='word_1_107' title='bbox 465 1556 506 1636; x_wconf 91' lang='lat' dir='ltr'>id,</span> <span class='ocrx_word' id='word_1_108' title='bbox 530 1557 570 1621; x_wconf 91' lang='lat' dir='ltr'>ad</span> <span class='ocrx_word' id='word_1_109' title='bbox 587 1557 670 1637; x_wconf 94' lang='lat' dir='ltr'>quod</span> <span class='ocrx_word' id='word_1_110' title='bbox 692 1557 724 1621; x_wconf 94' lang='lat' dir='ltr'>in</span> <span class='ocrx_word' id='word_1_111' title='bbox 748 1575 855 1638; x_wconf 82' lang='lat' dir='ltr'>pugna</span> <span class='ocrx_word' id='word_1_112' title='bbox 870 1557 1074 1623; x_wconf 88' lang='lat' dir='ltr'>Reuchliniea</span> <span class='ocrx_word' id='word_1_113' title='bbox 1091 1559 1204 1639; x_wconf 86' lang='lat' dir='ltr'>agendi</span> <span class='ocrx_word' id='word_1_114' title='bbox 1219 1559 1330 1623; x_wconf 81' lang='lat' dir='ltr'>habita</span> 
     </span>
     <span class='ocr_line' id='line_1_16' title="bbox 173 1644 1332 1727; baseline 0.003 -19"><span class='ocrx_word' id='word_1_115' title='bbox 173 1645 265 1724; x_wconf 91' lang='lat' dir='ltr'>ratio,</span> <span class='ocrx_word' id='word_1_116' title='bbox 291 1644 330 1709; x_wconf 87' lang='lat' dir='ltr'>ad</span> <span class='ocrx_word' id='word_1_117' title='bbox 355 1645 437 1725; x_wconf 91' lang='lat' dir='ltr'>quod</span> <span class='ocrx_word' id='word_1_118' title='bbox 461 1644 604 1709; x_wconf 90' lang='lat' dir='ltr'>stabilita</span> <span class='ocrx_word' id='word_1_119' title='bbox 626 1645 778 1726; x_wconf 87' lang='lat' dir='ltr'>principia</span> <span class='ocrx_word' id='word_1_120' title='bbox 795 1645 973 1727; x_wconf 83' lang='lat' dir='ltr'>theologica</span> <span class='ocrx_word' id='word_1_121' title='bbox 988 1647 1071 1710; x_wconf 91' lang='lat' dir='ltr'>viam</span> <span class='ocrx_word' id='word_1_122' title='bbox 1093 1648 1118 1710; x_wconf 90' lang='lat' dir='ltr'>ei</span> <span class='ocrx_word' id='word_1_123' title='bbox 1138 1647 1332 1711; x_wconf 90' lang='lat' dir='ltr'>demonstra-</span> 
     </span>
     <span class='ocr_line' id='line_1_17' title="bbox 174 1731 1332 1814; baseline 0.003 -18"><span class='ocrx_word' id='word_1_124' title='bbox 174 1733 264 1796; x_wconf 87' lang='lat' dir='ltr'>bant:</span> <span class='ocrx_word' id='word_1_125' title='bbox 296 1733 422 1797; x_wconf 87' lang='lat' dir='ltr'>assidue</span> <span class='ocrx_word' id='word_1_126' title='bbox 445 1731 720 1812; x_wconf 86' lang='lat' dir='ltr'>tranquillitatem,</span> <span class='ocrx_word' id='word_1_127' title='bbox 743 1751 870 1813; x_wconf 88' lang='lat' dir='ltr'>pacem,</span> <span class='ocrx_word' id='word_1_128' title='bbox 895 1733 1094 1798; x_wconf 87' lang='lat' dir='ltr'>concordiam</span> <span class='ocrx_word' id='word_1_129' title='bbox 1118 1733 1292 1814; x_wconf 83' lang='lat' dir='ltr'>flagitabat.</span> <span class='ocrx_word' id='word_1_130' title='bbox 1306 1736 1332 1812; x_wconf 79' lang='grc'>3)</span> 
     </span>
     <span class='ocr_line' id='line_1_18' title="bbox 173 1819 1332 1902; baseline 0.002 -18"><span class='ocrx_word' id='word_1_131' title='bbox 173 1821 245 1900; x_wconf 91' lang='lat' dir='ltr'>Ipse</span> <span class='ocrx_word' id='word_1_132' title='bbox 268 1824 314 1884; x_wconf 90' lang='lat' dir='ltr'>ita</span> <span class='ocrx_word' id='word_1_133' title='bbox 337 1827 482 1885; x_wconf 90' lang='lat' dir='ltr'>neutram</span> <span class='ocrx_word' id='word_1_134' title='bbox 506 1819 671 1885; x_wconf 81' lang='lat' dir='ltr'>factionem</span> <span class='ocrx_word' id='word_1_135' title='bbox 696 1820 888 1901; x_wconf 87' lang='lat' dir='ltr'>sequebatur</span> <span class='ocrx_word' id='word_1_136' title='bbox 903 1823 996 1885; x_wconf 90' lang='lat' dir='ltr'>etiam</span> <span class='ocrx_word' id='word_1_137' title='bbox 1012 1840 1049 1885; x_wconf 90' lang='lat' dir='ltr'>ea</span> <span class='ocrx_word' id='word_1_138' title='bbox 1065 1821 1104 1884; x_wconf 89' lang='lat' dir='ltr'>do</span> <span class='ocrx_word' id='word_1_139' title='bbox 1120 1841 1224 1900; x_wconf 87' lang='lat' dir='ltr'>causa,</span> <span class='ocrx_word' id='word_1_140' title='bbox 1249 1823 1332 1902; x_wconf 91' lang='lat' dir='ltr'>quod</span> 
     </span>
     <span class='ocr_line' id='line_1_19' title="bbox 175 1908 1333 1992; baseline 0 -20"><span class='ocrx_word' id='word_1_141' title='bbox 175 1909 213 1972; x_wconf 94' lang='lat' dir='ltr'>de</span> <span class='ocrx_word' id='word_1_142' title='bbox 237 1910 342 1989; x_wconf 91' lang='lat' dir='ltr'>quiete</span> <span class='ocrx_word' id='word_1_143' title='bbox 359 1927 416 1972; x_wconf 89' lang='lat' dir='ltr'>sua</span> <span class='ocrx_word' id='word_1_144' title='bbox 432 1908 523 1972; x_wconf 89' lang='lat' dir='ltr'>nimis</span> <span class='ocrx_word' id='word_1_145' title='bbox 540 1916 609 1972; x_wconf 88' lang='lat' dir='ltr'>erat</span> <span class='ocrx_word' id='word_1_146' title='bbox 630 1908 781 1973; x_wconf 87' lang='lat' dir='ltr'>sollicitus</span> <span class='ocrx_word' id='word_1_147' title='bbox 796 1926 898 1989; x_wconf 88' lang='lat' dir='ltr'>neque</span> <span class='ocrx_word' id='word_1_148' title='bbox 915 1909 1061 1992; x_wconf 87' lang='lat' dir='ltr'>cupiebat</span> <span class='ocrx_word' id='word_1_149' title='bbox 1076 1913 1141 1973; x_wconf 90' lang='lat' dir='ltr'>tam</span> <span class='ocrx_word' id='word_1_150' title='bbox 1158 1910 1333 1974; x_wconf 88' lang='lat' dir='ltr'>laboriosae.</span> 
     </span>
     <span class='ocr_line' id='line_1_20' title="bbox 174 1996 1332 2078; baseline 0.001 -17"><span class='ocrx_word' id='word_1_151' title='bbox 174 2013 211 2061; x_wconf 88' lang='lat' dir='ltr'>ac</span> <span class='ocrx_word' id='word_1_152' title='bbox 226 1996 423 2078; x_wconf 87' lang='lat' dir='ltr'>periculosae</span> <span class='ocrx_word' id='word_1_153' title='bbox 437 2013 562 2077; x_wconf 76' lang='lat' dir='ltr'>pugnae</span> <span class='ocrx_word' id='word_1_154' title='bbox 577 1996 737 2077; x_wconf 91' lang='lat' dir='ltr'>particeps</span> <span class='ocrx_word' id='word_1_155' title='bbox 751 2015 828 2075; x_wconf 89' lang='lat' dir='ltr'>esse,</span> <span class='ocrx_word' id='word_1_156' title='bbox 846 1997 934 2078; x_wconf 90' lang='lat' dir='ltr'>cujus</span> <span class='ocrx_word' id='word_1_157' title='bbox 950 1996 1051 2062; x_wconf 87' lang='lat' dir='ltr'>exitus</span> <span class='ocrx_word' id='word_1_158' title='bbox 1067 2004 1136 2062; x_wconf 89' lang='lat' dir='ltr'>erat</span> <span class='ocrx_word' id='word_1_159' title='bbox 1151 1998 1332 2074; x_wconf 44' lang='lat' dir='ltr'>incertus&amp;</span> 
     </span>
     <span class='ocr_line' id='line_1_21' title="bbox 261 2081 1333 2168; baseline 0 -20"><span class='ocrx_word' id='word_1_160' title='bbox 261 2084 368 2166; x_wconf 82' lang='lat' dir='ltr'>Longe</span> <span class='ocrx_word' id='word_1_161' title='bbox 401 2085 496 2164; x_wconf 85' lang='lat' dir='ltr'>igitur</span> <span class='ocrx_word' id='word_1_162' title='bbox 531 2081 684 2149; x_wconf 83' lang='lat' dir='ltr'>Erasmus</span> <span class='ocrx_word' id='word_1_163' title='bbox 720 2104 739 2148; x_wconf 93' lang='lat' dir='ltr'>a</span> <span class='ocrx_word' id='word_1_164' title='bbox 771 2084 916 2152; x_wconf 62' lang='lat' dir='ltr'>Lutheri,</span> <span class='ocrx_word' id='word_1_165' title='bbox 938 2089 1029 2165; x_wconf 89' lang='lat' dir='ltr'>parte</span> <span class='ocrx_word' id='word_1_166' title='bbox 1063 2085 1246 2168; x_wconf 80' lang='lat' dir='ltr'>recedebat3</span> <span class='ocrx_word' id='word_1_167' title='bbox 1278 2085 1333 2149; x_wconf 90' lang='lat' dir='ltr'>sed</span> 
     </span>
     <span class='ocr_line' id='line_1_22' title="bbox 173 2171 1335 2253; baseline -0.002 -17"><span class='ocrx_word' id='word_1_168' title='bbox 173 2173 375 2253; x_wconf 89' lang='lat' dir='ltr'>quantumvis</span> <span class='ocrx_word' id='word_1_169' title='bbox 399 2172 519 2236; x_wconf 90' lang='lat' dir='ltr'>odisset</span> <span class='ocrx_word' id='word_1_170' title='bbox 542 2173 610 2253; x_wconf 85' lang='lat' dir='ltr'>ejus</span> <span class='ocrx_word' id='word_1_171' title='bbox 634 2172 787 2237; x_wconf 90' lang='lat' dir='ltr'>seditiosa</span> <span class='ocrx_word' id='word_1_172' title='bbox 816 2171 935 2251; x_wconf 87' lang='lat' dir='ltr'>studia,</span> <span class='ocrx_word' id='word_1_173' title='bbox 970 2172 1105 2237; x_wconf 91' lang='lat' dir='ltr'>multum</span> <span class='ocrx_word' id='word_1_174' title='bbox 1137 2173 1264 2253; x_wconf 88' lang='lat' dir='ltr'>aberat,</span> <span class='ocrx_word' id='word_1_175' title='bbox 1298 2180 1335 2235; x_wconf 91' lang='lat' dir='ltr'>ut</span> 
     </span>
     <span class='ocr_line' id='line_1_23' title="bbox 173 2259 1333 2341; baseline 0 -17"><span class='ocrx_word' id='word_1_176' title='bbox 173 2259 437 2340; x_wconf 87' lang='lat' dir='ltr'>tranquillitatem</span> <span class='ocrx_word' id='word_1_177' title='bbox 460 2259 650 2325; x_wconf 89' lang='lat' dir='ltr'>Lutheranis</span> <span class='ocrx_word' id='word_1_178' title='bbox 674 2259 705 2323; x_wconf 95' lang='lat' dir='ltr'>vi</span> <span class='ocrx_word' id='word_1_179' title='bbox 734 2260 893 2341; x_wconf 86' lang='lat' dir='ltr'>oppressis</span> <span class='ocrx_word' id='word_1_180' title='bbox 922 2261 1151 2324; x_wconf 86' lang='lat' dir='ltr'>restituendam</span> <span class='ocrx_word' id='word_1_181' title='bbox 1181 2265 1333 2326; x_wconf 89' lang='lat' dir='ltr'>censeret.</span> 
     </span>
     <span class='ocr_line' id='line_1_24' title="bbox 173 2346 1334 2430; baseline -0.003 -19"><span class='ocrx_word' id='word_1_182' title='bbox 173 2347 255 2412; x_wconf 85' lang='lat' dir='ltr'>Nam</span> <span class='ocrx_word' id='word_1_183' title='bbox 272 2365 337 2426; x_wconf 90' lang='lat' dir='ltr'>eae,</span> <span class='ocrx_word' id='word_1_184' title='bbox 355 2365 433 2428; x_wconf 88' lang='lat' dir='ltr'>quas</span> <span class='ocrx_word' id='word_1_185' title='bbox 445 2346 605 2412; x_wconf 90' lang='lat' dir='ltr'>Luthcrus</span> <span class='ocrx_word' id='word_1_186' title='bbox 621 2346 809 2428; x_wconf 88' lang='lat' dir='ltr'>proferebat,</span> <span class='ocrx_word' id='word_1_187' title='bbox 821 2347 982 2413; x_wconf 88' lang='lat' dir='ltr'>doetrinae</span> <span class='ocrx_word' id='word_1_188' title='bbox 997 2347 1195 2430; x_wconf 83' lang='lat' dir='ltr'>theologicae</span> <span class='ocrx_word' id='word_1_189' title='bbox 1211 2348 1334 2428; x_wconf 87' lang='lat' dir='ltr'>plerae-</span> 
     </span>
     <span class='ocr_line' id='line_1_25' title="bbox 174 2431 1335 2517; baseline 0.003 -18"><span class='ocrx_word' id='word_1_190' title='bbox 174 2439 234 2516; x_wconf 90' lang='lat' dir='ltr'>que</span> <span class='ocrx_word' id='word_1_191' title='bbox 257 2453 320 2501; x_wconf 94' lang='lat' dir='ltr'>non</span> <span class='ocrx_word' id='word_1_192' title='bbox 343 2431 542 2499; x_wconf 86' lang='lat' dir='ltr'>offendebant</span> <span class='ocrx_word' id='word_1_193' title='bbox 557 2435 724 2500; x_wconf 85' lang='lat' dir='ltr'>Erasmum</span> <span class='ocrx_word' id='word_1_194' title='bbox 739 2459 745 2500; x_wconf 95' lang='lat'><strong>:</strong></span> <span class='ocrx_word' id='word_1_195' title='bbox 759 2435 786 2517; x_wconf 78' lang='grc'>5)</span> <span class='ocrx_word' id='word_1_196' title='bbox 809 2435 1023 2500; x_wconf 90' lang='lat' dir='ltr'>restituendae</span> <span class='ocrx_word' id='word_1_197' title='bbox 1048 2435 1246 2517; x_wconf 86' lang='lat' dir='ltr'>evangelicae</span> <span class='ocrx_word' id='word_1_198' title='bbox 1262 2437 1335 2502; x_wconf 88' lang='lat' dir='ltr'>doc-</span> 
     </span>
    </p>
   </div>
   <div class='ocr_carea' id='block_1_3' title="bbox 175 2562 384 2571">
    <p class='ocr_par' dir='ltr' id='par_1_3' title="bbox 175 2562 384 2571">
     <span class='ocr_line' id='line_1_26' title="bbox 175 2562 384 2571; baseline -0.01 0"><span class='ocrx_word' id='word_1_199' title='bbox 175 2562 384 2571; x_wconf 48' lang='lat' dir='ltr'>mu·—</span> 
     </span>
    </p>
   </div>
   <div class='ocr_carea' id='block_1_4' title="bbox 112 2609 1409 4372">
    <p class='ocr_par' dir='ltr' id='par_1_4' title="bbox 112 2609 1409 4372">
     <span class='ocr_line' id='line_1_27' title="bbox 175 2609 1333 2679; baseline -0.001 -15"><span class='ocrx_word' id='word_1_200' title='bbox 175 2611 247 2664; x_wconf 90' lang='lat' dir='ltr'>nulla</span> <span class='ocrx_word' id='word_1_201' title='bbox 272 2611 460 2679; x_wconf 86' lang='lat' dir='ltr'>plausibiliora</span> <span class='ocrx_word' id='word_1_202' title='bbox 487 2616 518 2664; x_wconf 88' lang='lat' dir='ltr'>ut</span> <span class='ocrx_word' id='word_1_203' title='bbox 545 2611 591 2678; x_wconf 93' lang='lat' dir='ltr'>„in</span> <span class='ocrx_word' id='word_1_204' title='bbox 618 2611 804 2678; x_wconf 87' lang='lat' dir='ltr'>precationem</span> <span class='ocrx_word' id='word_1_205' title='bbox 828 2610 1007 2678; x_wconf 84' lang='lat' dir='ltr'>dominicam,</span> <span class='ocrx_word' id='word_1_206' title='bbox 1036 2611 1068 2665; x_wconf 90' lang='lat' dir='ltr'>de</span> <span class='ocrx_word' id='word_1_207' title='bbox 1096 2609 1160 2663; x_wconf 89' lang='lat' dir='ltr'>XIV</span> <span class='ocrx_word' id='word_1_208' title='bbox 1189 2609 1333 2676; x_wconf 71' lang='lat' dir='ltr'>spectris.⁸‘</span> 
     </span>
     <span class='ocr_line' id='line_1_28' title="bbox 175 2679 1334 2749; baseline -0.003 -13"><span class='ocrx_word' id='word_1_209' title='bbox 175 2681 231 2749; x_wconf 84' lang='lat' dir='ltr'>(De</span> <span class='ocrx_word' id='word_1_210' title='bbox 249 2681 301 2736; x_wconf 89' lang='lat' dir='ltr'>hoo</span> <span class='ocrx_word' id='word_1_211' title='bbox 311 2681 400 2736; x_wconf 87' lang='lat' dir='ltr'>libello</span> <span class='ocrx_word' id='word_1_212' title='bbox 410 2681 457 2734; x_wconf 83' lang='lat' dir='ltr'>Er.</span> <span class='ocrx_word' id='word_1_213' title='bbox 470 2679 543 2734; x_wconf 80' lang='lat' dir='ltr'>—ol</span> <span class='ocrx_word' id='word_1_214' title='bbox 557 2681 604 2734; x_wconf 84' lang='lat' dir='ltr'>Er.</span> <span class='ocrx_word' id='word_1_215' title='bbox 614 2696 674 2748; x_wconf 90' lang='lat' dir='ltr'>epp.</span> <span class='ocrx_word' id='word_1_216' title='bbox 686 2680 937 2747; x_wconf 74' lang='lat' dir='ltr'>pato—judicat:</span> <span class='ocrx_word' id='word_1_217' title='bbox 950 2681 1074 2748; x_wconf 85' lang='lat' dir='ltr'>„libellus</span> <span class='ocrx_word' id='word_1_218' title='bbox 1085 2680 1118 2734; x_wconf 89' lang='lat' dir='ltr'>de</span> <span class='ocrx_word' id='word_1_219' title='bbox 1131 2680 1196 2732; x_wconf 85' lang='lat' dir='ltr'>XIV</span> <span class='ocrx_word' id='word_1_220' title='bbox 1207 2680 1334 2747; x_wconf 85' lang='lat' dir='ltr'>spectris,</span> 
     </span>
     <span class='ocr_line' id='line_1_29' title="bbox 126 2749 1334 2820; baseline -0.002 -15"><span class='ocrx_word' id='word_1_221' title='bbox 126 2789 130 2796; x_wconf 83' lang='lat'><em>·</em></span> <span class='ocrx_word' id='word_1_222' title='bbox 176 2752 224 2820; x_wconf 93' lang='lat' dir='ltr'>qui</span> <span class='ocrx_word' id='word_1_223' title='bbox 241 2767 408 2820; x_wconf 84' lang='lat' dir='ltr'>magnopere</span> <span class='ocrx_word' id='word_1_224' title='bbox 427 2751 562 2818; x_wconf 88' lang='lat' dir='ltr'>probatus</span> <span class='ocrx_word' id='word_1_225' title='bbox 581 2757 624 2806; x_wconf 90' lang='lat' dir='ltr'>est</span> <span class='ocrx_word' id='word_1_226' title='bbox 643 2751 726 2804; x_wconf 87' lang='lat' dir='ltr'>etiam</span> <span class='ocrx_word' id='word_1_227' title='bbox 745 2751 779 2804; x_wconf 90' lang='lat' dir='ltr'>ab</span> <span class='ocrx_word' id='word_1_228' title='bbox 797 2751 854 2816; x_wconf 83' lang='lat' dir='ltr'>his&#39;,</span> <span class='ocrx_word' id='word_1_229' title='bbox 879 2751 925 2817; x_wconf 88' lang='lat' dir='ltr'>qui</span> <span class='ocrx_word' id='word_1_230' title='bbox 950 2750 1089 2805; x_wconf 88' lang='lat' dir='ltr'>doctrinae</span> <span class='ocrx_word' id='word_1_231' title='bbox 1113 2750 1183 2804; x_wconf 89' lang='lat' dir='ltr'>illius</span> <span class='ocrx_word' id='word_1_232' title='bbox 1208 2749 1334 2803; x_wconf 90' lang='lat' dir='ltr'>omnibus</span> 
     </span>
     <span class='ocr_line' id='line_1_30' title="bbox 175 2819 1335 2890; baseline -0.003 -15"><span class='ocrx_word' id='word_1_233' title='bbox 175 2822 262 2876; x_wconf 91' lang='lat' dir='ltr'>modis</span> <span class='ocrx_word' id='word_1_234' title='bbox 281 2819 497 2890; x_wconf 87' lang='lat' dir='ltr'>adversantur;“</span> <span class='ocrx_word' id='word_1_235' title='bbox 518 2822 607 2876; x_wconf 89' lang='lat' dir='ltr'>elucet</span> <span class='ocrx_word' id='word_1_236' title='bbox 627 2821 710 2889; x_wconf 83' lang='lat' dir='ltr'>igitur</span> <span class='ocrx_word' id='word_1_237' title='bbox 728 2821 838 2874; x_wconf 85' lang='lat' dir='ltr'>Erasmi</span> <span class='ocrx_word' id='word_1_238' title='bbox 851 2820 995 2888; x_wconf 71' lang='lat' dir='ltr'>,judicium</span> <span class='ocrx_word' id='word_1_239' title='bbox 1020 2821 1051 2875; x_wconf 90' lang='lat' dir='ltr'>de</span> <span class='ocrx_word' id='word_1_240' title='bbox 1070 2821 1122 2874; x_wconf 90' lang='lat' dir='ltr'>hoo</span> <span class='ocrx_word' id='word_1_241' title='bbox 1147 2820 1215 2874; x_wconf 90' lang='lat' dir='ltr'>libro</span> <span class='ocrx_word' id='word_1_242' title='bbox 1241 2819 1335 2873; x_wconf 87' lang='lat' dir='ltr'>datum</span> 
     </span>
     <span class='ocr_line' id='line_1_31' title="bbox 176 2889 1335 2961; baseline -0.003 -14"><span class='ocrx_word' id='word_1_243' title='bbox 176 2893 304 2961; x_wconf 88' lang='lat' dir='ltr'>optimum</span> <span class='ocrx_word' id='word_1_244' title='bbox 322 2891 416 2959; x_wconf 85' lang='lat' dir='ltr'>fuisse,</span> <span class='ocrx_word' id='word_1_245' title='bbox 435 2893 529 2958; x_wconf 88' lang='lat' dir='ltr'>itaque</span> <span class='ocrx_word' id='word_1_246' title='bbox 548 2907 629 2958; x_wconf 87' lang='lat' dir='ltr'>quarn</span> <span class='ocrx_word' id='word_1_247' title='bbox 647 2891 765 2946; x_wconf 84' lang='lat' dir='ltr'>maxime</span> <span class='ocrx_word' id='word_1_248' title='bbox 785 2898 860 2944; x_wconf 88' lang='lat' dir='ltr'>errat</span> <span class='ocrx_word' id='word_1_249' title='bbox 879 2890 1007 2957; x_wconf 83' lang='lat' dir='ltr'>Stichart,</span> <span class='ocrx_word' id='word_1_250' title='bbox 1028 2891 1073 2958; x_wconf 90' lang='lat' dir='ltr'>qui</span> <span class='ocrx_word' id='word_1_251' title='bbox 1090 2890 1196 2958; x_wconf 87' lang='lat' dir='ltr'>judicio</span> <span class='ocrx_word' id='word_1_252' title='bbox 1216 2889 1335 2958; x_wconf 77' lang='lat' dir='ltr'>Erasini,</span> 
     </span>
     <span class='ocr_line' id='line_1_32' title="bbox 176 2959 1335 3030; baseline -0.002 -14"><span class='ocrx_word' id='word_1_253' title='bbox 176 2962 249 3030; x_wconf 90' lang='lat' dir='ltr'>quod</span> <span class='ocrx_word' id='word_1_254' title='bbox 268 2962 301 3017; x_wconf 92' lang='lat' dir='ltr'>de</span> <span class='ocrx_word' id='word_1_255' title='bbox 314 2963 365 3017; x_wconf 89' lang='lat' dir='ltr'>hoc</span> <span class='ocrx_word' id='word_1_256' title='bbox 378 2963 446 3016; x_wconf 90' lang='lat' dir='ltr'>libro</span> <span class='ocrx_word' id='word_1_257' title='bbox 460 2961 613 3029; x_wconf 89' lang='lat' dir='ltr'>protulerit,</span> <span class='ocrx_word' id='word_1_258' title='bbox 632 2961 749 3028; x_wconf 91' lang='lat' dir='ltr'>probare</span> <span class='ocrx_word' id='word_1_259' title='bbox 764 2959 864 3025; x_wconf 88' lang='lat' dir='ltr'>studet,</span> <span class='ocrx_word' id='word_1_260' title='bbox 884 2976 964 3027; x_wconf 87' lang='lat' dir='ltr'>quam</span> <span class='ocrx_word' id='word_1_261' title='bbox 983 2961 1081 3016; x_wconf 88' lang='lat' dir='ltr'>acerbe</span> <span class='ocrx_word' id='word_1_262' title='bbox 1099 2961 1145 3014; x_wconf 86' lang='lat' dir='ltr'>Er.</span> <span class='ocrx_word' id='word_1_263' title='bbox 1165 2961 1198 3015; x_wconf 91' lang='lat' dir='ltr'>de</span> <span class='ocrx_word' id='word_1_264' title='bbox 1213 2961 1335 3015; x_wconf 88' lang='lat' dir='ltr'>Luthero</span> 
     </span>
     <span class='ocr_line' id='line_1_33' title="bbox 173 3031 1334 3102; baseline -0.004 -15"><span class='ocrx_word' id='word_1_265' title='bbox 173 3033 350 3102; x_wconf 86' lang='lat' dir='ltr'>judicaverit.</span> <span class='ocrx_word' id='word_1_266' title='bbox 369 3034 384 3086; x_wconf 89' lang='lat' dir='ltr'>l.</span> <span class='ocrx_word' id='word_1_267' title='bbox 404 3049 426 3086; x_wconf 85' lang='lat' dir='ltr'>c.</span> <span class='ocrx_word' id='word_1_268' title='bbox 445 3048 471 3100; x_wconf 92' lang='lat' dir='ltr'>p.</span> <span class='ocrx_word' id='word_1_269' title='bbox 485 3031 555 3101; x_wconf 78' lang='lat'>344).</span> <span class='ocrx_word' id='word_1_270' title='bbox 593 3031 647 3086; x_wconf 87' lang='lat' dir='ltr'>Sed</span> <span class='ocrx_word' id='word_1_271' title='bbox 659 3031 719 3098; x_wconf 87' lang='lat' dir='ltr'>ipse</span> <span class='ocrx_word' id='word_1_272' title='bbox 731 3031 866 3099; x_wconf 83' lang='lat' dir='ltr'>agnoscit,</span> <span class='ocrx_word' id='word_1_273' title='bbox 885 3047 940 3084; x_wconf 91' lang='lat' dir='ltr'>non</span> <span class='ocrx_word' id='word_1_274' title='bbox 960 3031 1007 3084; x_wconf 91' lang='lat' dir='ltr'>diu</span> <span class='ocrx_word' id='word_1_275' title='bbox 1020 3032 1177 3086; x_wconf 87' lang='lat' dir='ltr'>constitisse</span> <span class='ocrx_word' id='word_1_276' title='bbox 1190 3031 1334 3086; x_wconf 86' lang='lat' dir='ltr'>verboram</span> 
     </span>
     <span class='ocr_line' id='line_1_34' title="bbox 176 3101 1336 3170; baseline -0.003 -13"><span class='ocrx_word' id='word_1_277' title='bbox 176 3119 287 3158; x_wconf 88' lang='lat' dir='ltr'>suorum</span> <span class='ocrx_word' id='word_1_278' title='bbox 306 3103 506 3158; x_wconf 87' lang='lat' dir='ltr'>auctoritatem:</span> <span class='ocrx_word' id='word_1_279' title='bbox 527 3102 593 3170; x_wconf 91' lang='lat' dir='ltr'>„sed</span> <span class='ocrx_word' id='word_1_280' title='bbox 610 3102 653 3156; x_wconf 87' lang='lat' dir='ltr'>his</span> <span class='ocrx_word' id='word_1_281' title='bbox 672 3101 826 3156; x_wconf 90' lang='lat' dir='ltr'>incredibili</span> <span class='ocrx_word' id='word_1_282' title='bbox 844 3102 987 3156; x_wconf 85' lang='lat' dir='ltr'>celeritate</span> <span class='ocrx_word' id='word_1_283' title='bbox 1005 3102 1138 3170; x_wconf 87' lang='lat' dir='ltr'>perlectis</span> <span class='ocrx_word' id='word_1_284' title='bbox 1157 3102 1336 3168; x_wconf 88' lang='lat' dir='ltr'>provolarunt</span> 
     </span>
     <span class='ocr_line' id='line_1_35' title="bbox 176 3171 1335 3242; baseline -0.004 -12"><span class='ocrx_word' id='word_1_285' title='bbox 176 3175 222 3230; x_wconf 87' lang='lat' dir='ltr'>alii</span> <span class='ocrx_word' id='word_1_286' title='bbox 241 3189 325 3242; x_wconf 87' lang='lat' dir='ltr'>super</span> <span class='ocrx_word' id='word_1_287' title='bbox 342 3174 411 3228; x_wconf 89' lang='lat' dir='ltr'>alios</span> <span class='ocrx_word' id='word_1_288' title='bbox 429 3173 547 3242; x_wconf 88' lang='lat' dir='ltr'>libellos,</span> <span class='ocrx_word' id='word_1_289' title='bbox 568 3188 682 3240; x_wconf 91' lang='lat' dir='ltr'>quorum</span> <span class='ocrx_word' id='word_1_290' title='bbox 702 3172 866 3227; x_wconf 86' lang='lat' dir='ltr'>novissimus</span> <span class='ocrx_word' id='word_1_291' title='bbox 885 3173 998 3240; x_wconf 88' lang='lat' dir='ltr'>quisque</span> <span class='ocrx_word' id='word_1_292' title='bbox 1016 3171 1228 3226; x_wconf 88' lang='lat' dir='ltr'>violentissimus</span> <span class='ocrx_word' id='word_1_293' title='bbox 1248 3171 1335 3225; x_wconf 80' lang='lat' dir='ltr'>erat.“</span> 
     </span>
     <span class='ocr_line' id='line_1_36' title="bbox 176 3243 779 3384; baseline -0.003 -15"><span class='ocrx_word' id='word_1_294' title='bbox 176 3245 236 3313; x_wconf 55' lang='grc' dir='ltr'>(Μ’</span> <span class='ocrx_word' id='word_1_295' title='bbox 256 3259 366 3384; x_wconf 47' lang='grc' dir='ltr'>θριιῗὲὲ</span> <span class='ocrx_word' id='word_1_296' title='bbox 380 3243 477 3369; x_wconf 40' lang='lat' dir='ltr'>{iiie</span> <span class='ocrx_word' id='word_1_297' title='bbox 497 3315 512 3367; x_wconf 85' lang='lat' dir='ltr'>r.</span> <span class='ocrx_word' id='word_1_298' title='bbox 532 3330 554 3367; x_wconf 79' lang='lat' dir='ltr'>c.</span> <span class='ocrx_word' id='word_1_299' title='bbox 574 3314 626 3370; x_wconf 84' lang='lat' dir='ltr'>vor.</span> <span class='ocrx_word' id='word_1_300' title='bbox 646 3314 672 3366; x_wconf 89' lang='lat' dir='ltr'>u</span> <span class='ocrx_word' id='word_1_301' title='bbox 692 3330 717 3382; x_wconf 84' lang='lat' dir='ltr'>p.</span> <span class='ocrx_word' id='word_1_302' title='bbox 737 3315 779 3368; x_wconf 76' lang='lat' dir='ltr'>co.</span> 
     </span>
     <span class='ocr_line' id='line_1_37' title="bbox 285 3385 600 3452; baseline -0.003 -15"><span class='ocrx_word' id='word_1_303' title='bbox 285 3387 295 3419; x_wconf 79' lang='lat'>²</span> <span class='ocrx_word' id='word_1_304' title='bbox 328 3385 376 3437; x_wconf 87' lang='lat' dir='ltr'>Er.</span> <span class='ocrx_word' id='word_1_305' title='bbox 396 3400 458 3452; x_wconf 91' lang='lat' dir='ltr'>epp.</span> <span class='ocrx_word' id='word_1_306' title='bbox 477 3400 504 3452; x_wconf 91' lang='lat' dir='ltr'>p.</span> <span class='ocrx_word' id='word_1_307' title='bbox 525 3386 600 3438; x_wconf 82' lang='lat'>1697.</span> 
     </span>
     <span class='ocr_line' id='line_1_38' title="bbox 284 3451 1336 3524; baseline -0.004 -16"><span class='ocrx_word' id='word_1_308' title='bbox 284 3457 295 3490; x_wconf 78' lang='lat'><strong>⁸</strong></span> <span class='ocrx_word' id='word_1_309' title='bbox 324 3455 414 3523; x_wconf 88' lang='lat' dir='ltr'>Hujus</span> <span class='ocrx_word' id='word_1_310' title='bbox 428 3453 531 3523; x_wconf 83' lang='lat' dir='ltr'>agendi</span> <span class='ocrx_word' id='word_1_311' title='bbox 550 3454 665 3508; x_wconf 85' lang='lat' dir='ltr'>rationis</span> <span class='ocrx_word' id='word_1_312' title='bbox 684 3452 800 3508; x_wconf 83' lang='lat' dir='ltr'>Erasmo</span> <span class='ocrx_word' id='word_1_313' title='bbox 820 3453 854 3507; x_wconf 89' lang='lat' dir='ltr'>ab</span> <span class='ocrx_word' id='word_1_314' title='bbox 873 3453 997 3507; x_wconf 89' lang='lat' dir='ltr'>omnibus</span> <span class='ocrx_word' id='word_1_315' title='bbox 1016 3451 1091 3521; x_wconf 85' lang='lat' dir='ltr'>fere,</span> <span class='ocrx_word' id='word_1_316' title='bbox 1117 3452 1164 3520; x_wconf 88' lang='lat' dir='ltr'>qui</span> <span class='ocrx_word' id='word_1_317' title='bbox 1184 3453 1217 3506; x_wconf 91' lang='lat' dir='ltr'>de</span> <span class='ocrx_word' id='word_1_318' title='bbox 1236 3452 1287 3524; x_wconf 85' lang='lat' dir='ltr'>hac</span> <span class='ocrx_word' id='word_1_319' title='bbox 1306 3469 1336 3504; x_wconf 84' lang='lat' dir='ltr'>re</span> 
     </span>
     <span class='ocr_line' id='line_1_39' title="bbox 178 3523 1335 3594; baseline -0.003 -15"><span class='ocrx_word' id='word_1_320' title='bbox 178 3526 362 3594; x_wconf 89' lang='lat' dir='ltr'>scripserunt,</span> <span class='ocrx_word' id='word_1_321' title='bbox 387 3540 487 3579; x_wconf 88' lang='lat' dir='ltr'>causae</span> <span class='ocrx_word' id='word_1_322' title='bbox 505 3524 595 3578; x_wconf 90' lang='lat' dir='ltr'>minus</span> <span class='ocrx_word' id='word_1_323' title='bbox 613 3524 747 3578; x_wconf 88' lang='lat' dir='ltr'>honestae</span> <span class='ocrx_word' id='word_1_324' title='bbox 766 3529 891 3580; x_wconf 88' lang='lat' dir='ltr'>statutae</span> <span class='ocrx_word' id='word_1_325' title='bbox 910 3529 987 3591; x_wconf 88' lang='lat' dir='ltr'>sunt,</span> <span class='ocrx_word' id='word_1_326' title='bbox 1013 3539 1094 3590; x_wconf 91' lang='lat' dir='ltr'>quum</span> <span class='ocrx_word' id='word_1_327' title='bbox 1114 3523 1205 3577; x_wconf 88' lang='lat' dir='ltr'>studia</span> <span class='ocrx_word' id='word_1_328' title='bbox 1226 3523 1335 3576; x_wconf 80' lang='lat' dir='ltr'>Erasmi</span> 
     </span>
     <span class='ocr_line' id='line_1_40' title="bbox 178 3592 1337 3662; baseline -0.003 -14"><span class='ocrx_word' id='word_1_329' title='bbox 178 3596 289 3660; x_wconf 85' lang='lat' dir='ltr'>irenica,</span> <span class='ocrx_word' id='word_1_330' title='bbox 309 3611 378 3662; x_wconf 84' lang='lat' dir='ltr'>quae</span> <span class='ocrx_word' id='word_1_331' title='bbox 391 3602 456 3650; x_wconf 84' lang='lat' dir='ltr'>ante</span> <span class='ocrx_word' id='word_1_332' title='bbox 473 3595 589 3649; x_wconf 89' lang='lat' dir='ltr'>Luthari</span> <span class='ocrx_word' id='word_1_333' title='bbox 602 3600 694 3647; x_wconf 89' lang='lat' dir='ltr'>ortum</span> <span class='ocrx_word' id='word_1_334' title='bbox 712 3594 852 3662; x_wconf 83' lang='lat' dir='ltr'>negotium</span> <span class='ocrx_word' id='word_1_335' title='bbox 864 3599 1008 3660; x_wconf 86' lang='lat' dir='ltr'>apparent,</span> <span class='ocrx_word' id='word_1_336' title='bbox 1026 3599 1073 3646; x_wconf 87' lang='lat' dir='ltr'>aut</span> <span class='ocrx_word' id='word_1_337' title='bbox 1092 3592 1202 3646; x_wconf 91' lang='lat' dir='ltr'>omnino</span> <span class='ocrx_word' id='word_1_338' title='bbox 1215 3593 1337 3661; x_wconf 80' lang='lat' dir='ltr'>neglecta</span> 
     </span>
     <span class='ocr_line' id='line_1_41' title="bbox 178 3663 1338 3732; baseline -0.003 -12"><span class='ocrx_word' id='word_1_339' title='bbox 178 3673 226 3720; x_wconf 88' lang='lat' dir='ltr'>aut</span> <span class='ocrx_word' id='word_1_340' title='bbox 245 3666 350 3732; x_wconf 86' lang='lat' dir='ltr'>oblique</span> <span class='ocrx_word' id='word_1_341' title='bbox 369 3665 428 3719; x_wconf 88' lang='lat' dir='ltr'>visa</span> <span class='ocrx_word' id='word_1_342' title='bbox 447 3664 513 3732; x_wconf 87' lang='lat' dir='ltr'>sint,</span> <span class='ocrx_word' id='word_1_343' title='bbox 536 3679 672 3732; x_wconf 80' lang='lat' dir='ltr'>quumque</span> <span class='ocrx_word' id='word_1_344' title='bbox 699 3665 738 3718; x_wconf 90' lang='lat' dir='ltr'>ita</span> <span class='ocrx_word' id='word_1_345' title='bbox 760 3665 903 3718; x_wconf 87' lang='lat' dir='ltr'>continuas</span> <span class='ocrx_word' id='word_1_346' title='bbox 931 3679 993 3718; x_wconf 90' lang='lat' dir='ltr'>esse</span> <span class='ocrx_word' id='word_1_347' title='bbox 1012 3663 1072 3730; x_wconf 87' lang='lat' dir='ltr'>ejus</span> <span class='ocrx_word' id='word_1_348' title='bbox 1101 3663 1253 3716; x_wconf 85' lang='lat' dir='ltr'>sententias</span> <span class='ocrx_word' id='word_1_349' title='bbox 1281 3678 1338 3716; x_wconf 94' lang='lat' dir='ltr'>non</span> 
     </span>
     <span class='ocr_line' id='line_1_42' title="bbox 178 3733 1337 3810; baseline -0.004 -19"><span class='ocrx_word' id='word_1_350' title='bbox 178 3736 345 3804; x_wconf 86' lang='lat' dir='ltr'>apparuerit.</span> <span class='ocrx_word' id='word_1_351' title='bbox 384 3735 514 3788; x_wconf 79' lang='lat' dir='ltr'>Erasmus</span> <span class='ocrx_word' id='word_1_352' title='bbox 538 3735 653 3789; x_wconf 90' lang='lat' dir='ltr'>mutavit</span> <span class='ocrx_word' id='word_1_353' title='bbox 672 3735 805 3810; x_wconf 83' lang='lat' dir='ltr'>animum,</span> <span class='ocrx_word' id='word_1_354' title='bbox 830 3733 878 3788; x_wconf 87' lang='lat' dir='ltr'>sed</span> <span class='ocrx_word' id='word_1_355' title='bbox 903 3742 967 3788; x_wconf 87' lang='lat' dir='ltr'>ante</span> <span class='ocrx_word' id='word_1_356' title='bbox 995 3733 1171 3787; x_wconf 61' lang='lat' dir='ltr'>liuthericum</span> <span class='ocrx_word' id='word_1_357' title='bbox 1191 3738 1337 3800; x_wconf 85' lang='lat' dir='ltr'>certamen,</span> 
     </span>
     <span class='ocr_line' id='line_1_43' title="bbox 178 3802 1180 3874; baseline -0.004 -14"><span class='ocrx_word' id='word_1_358' title='bbox 178 3805 331 3874; x_wconf 81' lang='lat' dir='ltr'>quibusque</span> <span class='ocrx_word' id='word_1_359' title='bbox 351 3805 450 3860; x_wconf 81' lang='lat' dir='ltr'>effecta</span> <span class='ocrx_word' id='word_1_360' title='bbox 468 3812 543 3860; x_wconf 86' lang='lat' dir='ltr'>esset</span> <span class='ocrx_word' id='word_1_361' title='bbox 562 3805 650 3860; x_wconf 87' lang='lat' dir='ltr'>causis</span> <span class='ocrx_word' id='word_1_362' title='bbox 669 3805 738 3859; x_wconf 86' lang='lat' dir='ltr'>haec</span> <span class='ocrx_word' id='word_1_363' title='bbox 756 3805 884 3872; x_wconf 88' lang='lat' dir='ltr'>mutatio,</span> <span class='ocrx_word' id='word_1_364' title='bbox 900 3803 958 3870; x_wconf 87' lang='lat' dir='ltr'>jam</span> <span class='ocrx_word' id='word_1_365' title='bbox 977 3802 1180 3869; x_wconf 84' lang='lat' dir='ltr'>explicavimus.</span> 
     </span>
     <span class='ocr_line' id='line_1_44' title="bbox 285 3872 1337 3945; baseline -0.003 -16"><span class='ocrx_word' id='word_1_366' title='bbox 285 3877 308 3943; x_wconf 83' lang='lat'>⁴)</span> <span class='ocrx_word' id='word_1_367' title='bbox 327 3876 375 3930; x_wconf 84' lang='lat' dir='ltr'>Er.</span> <span class='ocrx_word' id='word_1_368' title='bbox 394 3891 455 3944; x_wconf 90' lang='lat' dir='ltr'>epp.</span> <span class='ocrx_word' id='word_1_369' title='bbox 474 3892 501 3944; x_wconf 93' lang='lat' dir='ltr'>p.</span> <span class='ocrx_word' id='word_1_370' title='bbox 521 3877 584 3930; x_wconf 80' lang='lat'><strong>732:</strong></span> <span class='ocrx_word' id='word_1_371' title='bbox 604 3875 744 3942; x_wconf 86' lang='lat' dir='ltr'>„videbam</span> <span class='ocrx_word' id='word_1_372' title='bbox 756 3891 799 3928; x_wconf 89' lang='lat' dir='ltr'>me</span> <span class='ocrx_word' id='word_1_373' title='bbox 817 3875 949 3941; x_wconf 86' lang='lat' dir='ltr'>imparem</span> <span class='ocrx_word' id='word_1_374' title='bbox 967 3879 1022 3926; x_wconf 88' lang='lat' dir='ltr'>tam</span> <span class='ocrx_word' id='word_1_375' title='bbox 1034 3873 1188 3941; x_wconf 86' lang='lat' dir='ltr'>periculoso</span> <span class='ocrx_word' id='word_1_376' title='bbox 1203 3872 1337 3945; x_wconf 14' lang='lat' dir='ltr'>‘negotio‘</span> 
     </span>
     <span class='ocr_line' id='line_1_45' title="bbox 121 3941 1409 4016; baseline -0.005 -14"><span class='ocrx_word' id='word_1_377' title='bbox 121 3941 124 3948; x_wconf 82' lang='grc'><strong><em>’</em></strong></span> <span class='ocrx_word' id='word_1_378' title='bbox 178 3954 228 4002; x_wconf 90' lang='lat' dir='ltr'>etc.</span> <span class='ocrx_word' id='word_1_379' title='bbox 267 3945 389 4000; x_wconf 86' lang='lat' dir='ltr'>Sticbart</span> <span class='ocrx_word' id='word_1_380' title='bbox 412 3946 564 4013; x_wconf 84' lang='lat' dir='ltr'>complures</span> <span class='ocrx_word' id='word_1_381' title='bbox 584 3944 671 4016; x_wconf 81' lang='lat' dir='ltr'>ailert¹</span> <span class='ocrx_word' id='word_1_382' title='bbox 691 3945 792 4000; x_wconf 89' lang='lat' dir='ltr'>similes</span> <span class='ocrx_word' id='word_1_383' title='bbox 816 3945 904 4011; x_wconf 88' lang='lat' dir='ltr'>locos,</span> <span class='ocrx_word' id='word_1_384' title='bbox 932 3943 961 4016; x_wconf 88' lang='grc' dir='ltr'>(Ι.</span> <span class='ocrx_word' id='word_1_385' title='bbox 981 3959 1003 3996; x_wconf 89' lang='lat' dir='ltr'>c.</span> <span class='ocrx_word' id='word_1_386' title='bbox 1023 3959 1048 4010; x_wconf 92' lang='lat' dir='ltr'>p.</span> <span class='ocrx_word' id='word_1_387' title='bbox 1068 3943 1219 4012; x_wconf 78' lang='lat' dir='ltr'>nae-aot)</span> <span class='ocrx_word' id='word_1_388' title='bbox 1239 3942 1286 3998; x_wconf 88' lang='lat' dir='ltr'>sed</span> <span class='ocrx_word' id='word_1_389' title='bbox 1307 3948 1354 3995; x_wconf 90' lang='lat' dir='ltr'>ut·</span> <span class='ocrx_word' id='word_1_390' title='bbox 1400 3974 1409 3988; x_wconf 89' lang='lat'>.</span> 
     </span>
     <span class='ocr_line' id='line_1_46' title="bbox 178 4013 1337 4084; baseline -0.004 -14"><span class='ocrx_word' id='word_1_391' title='bbox 178 4018 228 4072; x_wconf 86' lang='lat' dir='ltr'>hos</span> <span class='ocrx_word' id='word_1_392' title='bbox 248 4017 328 4070; x_wconf 86' lang='lat' dir='ltr'>nimis</span> <span class='ocrx_word' id='word_1_393' title='bbox 351 4021 447 4084; x_wconf 78' lang='lat' dir='ltr'>urget,</span> <span class='ocrx_word' id='word_1_394' title='bbox 469 4017 511 4070; x_wconf 87' lang='lat' dir='ltr'>ita</span> <span class='ocrx_word' id='word_1_395' title='bbox 529 4017 557 4070; x_wconf 90' lang='lat' dir='ltr'>in</span> <span class='ocrx_word' id='word_1_396' title='bbox 580 4017 739 4076; x_wconf 87' lang='lat' dir='ltr'>universum</span> <span class='ocrx_word' id='word_1_397' title='bbox 758 4014 867 4068; x_wconf 87' lang='lat' dir='ltr'>Erasmi</span> <span class='ocrx_word' id='word_1_398' title='bbox 894 4013 1048 4067; x_wconf 88' lang='lat' dir='ltr'>studiorum</span> <span class='ocrx_word' id='word_1_399' title='bbox 1067 4014 1232 4068; x_wconf 89' lang='lat' dir='ltr'>irenicorum</span> <span class='ocrx_word' id='word_1_400' title='bbox 1257 4028 1337 4067; x_wconf 89' lang='lat' dir='ltr'>veras</span> 
     </span>
     <span class='ocr_line' id='line_1_47' title="bbox 179 4082 1337 4155; baseline -0.006 -14"><span class='ocrx_word' id='word_1_401' title='bbox 179 4102 278 4142; x_wconf 87' lang='lat' dir='ltr'>causas</span> <span class='ocrx_word' id='word_1_402' title='bbox 298 4093 326 4140; x_wconf 88' lang='lat' dir='ltr'>et</span> <span class='ocrx_word' id='word_1_403' title='bbox 343 4094 471 4141; x_wconf 85' lang='lat' dir='ltr'>naturam</span> <span class='ocrx_word' id='word_1_404' title='bbox 496 4087 616 4155; x_wconf 84' lang='lat' dir='ltr'>ignorat.</span> <span class='ocrx_word' id='word_1_405' title='bbox 635 4084 681 4155; x_wconf 84' lang='lat' dir='ltr'>(ef.</span> <span class='ocrx_word' id='word_1_406' title='bbox 707 4093 796 4140; x_wconf 85' lang='lat' dir='ltr'>totam</span> <span class='ocrx_word' id='word_1_407' title='bbox 818 4091 938 4152; x_wconf 86' lang='lat' dir='ltr'>partem:</span> <span class='ocrx_word' id='word_1_408' title='bbox 976 4082 1132 4152; x_wconf 61' lang='lat' dir='ltr'>brittiorum</span> <span class='ocrx_word' id='word_1_409' title='bbox 1150 4083 1191 4138; x_wconf 75' lang='lat' dir='ltr'>bes</span> <span class='ocrx_word' id='word_1_410' title='bbox 1211 4083 1337 4138; x_wconf 67' lang='lat' dir='ltr'>litaturus</span> 
     </span>
     <span class='ocr_line' id='line_1_48' title="bbox 112 4155 1073 4234; baseline -0.003 -23"><span class='ocrx_word' id='word_1_411' title='bbox 112 4217 114 4223; x_wconf 15' lang='grc' dir='ltr'><em>Α</em></span> <span class='ocrx_word' id='word_1_412' title='bbox 179 4173 237 4225; x_wconf 63' lang='lat' dir='ltr'>quot</span> <span class='ocrx_word' id='word_1_413' title='bbox 253 4156 413 4222; x_wconf 75' lang='lat' dir='ltr'>liciormolor</span> <span class='ocrx_word' id='word_1_414' title='bbox 430 4156 446 4208; x_wconf 93' lang='lat' dir='ltr'>l.</span> <span class='ocrx_word' id='word_1_415' title='bbox 466 4171 491 4210; x_wconf 84' lang='lat' dir='ltr'>c.</span> <span class='ocrx_word' id='word_1_416' title='bbox 509 4172 534 4224; x_wconf 93' lang='lat' dir='ltr'>p.</span> <span class='ocrx_word' id='word_1_417' title='bbox 554 4159 604 4212; x_wconf 82' lang='lat'>291</span> <span class='ocrx_word' id='word_1_418' title='bbox 625 4155 720 4234; x_wconf 79' lang='lat' dir='ltr'>seqq).</span> <span class='ocrx_word' id='word_1_419' title='bbox 1071 4169 1073 4173; x_wconf 88' lang='lat'>·</span> 
     </span>
     <span class='ocr_line' id='line_1_49' title="bbox 285 4221 1337 4296; baseline -0.008 -14"><span class='ocrx_word' id='word_1_420' title='bbox 285 4227 307 4296; x_wconf 75' lang='lat' dir='ltr'>a)</span> <span class='ocrx_word' id='word_1_421' title='bbox 326 4227 418 4279; x_wconf 86' lang='lat' dir='ltr'>Etiam</span> <span class='ocrx_word' id='word_1_422' title='bbox 443 4242 468 4281; x_wconf 90' lang='lat' dir='ltr'>a.</span> <span class='ocrx_word' id='word_1_423' title='bbox 497 4229 565 4280; x_wconf 80' lang='lat'>1523</span> <span class='ocrx_word' id='word_1_424' title='bbox 590 4226 651 4284; x_wconf 73' lang='lat' dir='ltr'>Er..</span> <span class='ocrx_word' id='word_1_425' title='bbox 665 4226 762 4282; x_wconf 86' lang='lat' dir='ltr'>scribit</span> <span class='ocrx_word' id='word_1_426' title='bbox 786 4224 916 4292; x_wconf 79' lang='lat' dir='ltr'>Zwinglio</span> <span class='ocrx_word' id='word_1_427' title='bbox 943 4223 1114 4292; x_wconf 71' lang='lat' dir='ltr'>(Hottingem</span> <span class='ocrx_word' id='word_1_428' title='bbox 1142 4223 1207 4280; x_wconf 86' lang='lat' dir='ltr'>hist.</span> <span class='ocrx_word' id='word_1_429' title='bbox 1234 4221 1337 4288; x_wconf 83' lang='lat' dir='ltr'>Eccles.</span> 
     </span>
     <span class='ocr_line' id='line_1_50' title="bbox 180 4291 1338 4372; baseline -0.006 -19"><span class='ocrx_word' id='word_1_430' title='bbox 180 4313 233 4353; x_wconf 89' lang='lat' dir='ltr'>sec.</span> <span class='ocrx_word' id='word_1_431' title='bbox 253 4295 317 4352; x_wconf 87' lang='lat' dir='ltr'>XVI</span> <span class='ocrx_word' id='word_1_432' title='bbox 336 4296 367 4354; x_wconf 90' lang='lat' dir='ltr'>P.</span> <span class='ocrx_word' id='word_1_433' title='bbox 385 4297 412 4350; x_wconf 81' lang='grc' dir='ltr'>ΙΙ</span> <span class='ocrx_word' id='word_1_434' title='bbox 431 4313 457 4365; x_wconf 93' lang='lat' dir='ltr'>p.</span> <span class='ocrx_word' id='word_1_435' title='bbox 477 4299 512 4350; x_wconf 82' lang='lat'>30</span> <span class='ocrx_word' id='word_1_436' title='bbox 530 4295 633 4352; x_wconf 83' lang='lat' dir='ltr'>Zitrich</span> <span class='ocrx_word' id='word_1_437' title='bbox 654 4295 745 4366; x_wconf 76' lang='lat' dir='ltr'>lddblr</span> <span class='ocrx_word' id='word_1_438' title='bbox 781 4293 893 4364; x_wconf 90' lang='lat' dir='ltr'>„videor</span> <span class='ocrx_word' id='word_1_439' title='bbox 917 4295 983 4364; x_wconf 80' lang='lat' dir='ltr'>mihi</span> <span class='ocrx_word' id='word_1_440' title='bbox 999 4293 1066 4372; x_wconf 80' lang='lat' dir='ltr'>¹fere</span> <span class='ocrx_word' id='word_1_441' title='bbox 1092 4293 1183 4348; x_wconf 85' lang='lat' dir='ltr'>omnia</span> <span class='ocrx_word' id='word_1_442' title='bbox 1201 4291 1338 4360; x_wconf 87' lang='lat' dir='ltr'>docuisse,</span> 
     </span>
    </p>
   </div>
   <div class='ocr_carea' id='block_1_5' title="bbox 0 0 1597 5120">
    <p class='ocr_par' dir='ltr' id='par_1_5' title="bbox 0 0 1597 5120">
     <span class='ocr_line' id='line_1_51' title="bbox 0 0 1597 5120; baseline 0 0"><span class='ocrx_word' id='word_1_443' title='bbox 0 0 1597 5120; x_wconf 95' lang='lat' dir='ltr'> </span> 
     </span>
    </p>
   </div>
   <div class='ocr_carea' id='block_1_6' title="bbox 6 4555 1397 5086">
    <p class='ocr_par' dir='ltr' id='par_1_6' title="bbox 1363 4555 1366 4562">
     <span class='ocr_line' id='line_1_52' title="bbox 1363 4555 1366 4562; baseline 0 0"><span class='ocrx_word' id='word_1_444' title='bbox 1363 4555 1366 4562; x_wconf 78' lang='grc'>,</span> 
     </span>
    </p>

    <p class='ocr_par' dir='ltr' id='par_1_7' title="bbox 1193 4565 1238 4788">
     <span class='ocr_line' id='line_1_53' title="bbox 1193 4565 1197 4572; baseline 0 0"><span class='ocrx_word' id='word_1_445' title='bbox 1193 4565 1197 4572; x_wconf 88' lang='grc'><strong>,</strong></span> 
     </span>
     <span class='ocr_line' id='line_1_54' title="bbox 1233 4781 1238 4788; baseline 0 0"><span class='ocrx_word' id='word_1_446' title='bbox 1233 4781 1238 4788; x_wconf 87' lang='grc'><strong>,</strong></span> 
     </span>
    </p>

    <p class='ocr_par' dir='ltr' id='par_1_8' title="bbox 6 4823 1397 5086">
     <span class='ocr_line' id='line_1_55' title="bbox 6 4823 1397 5086; baseline -0.006 1"><span class='ocrx_word' id='word_1_447' title='bbox 6 4823 1316 5086; x_wconf 81' lang='grc'>-</span> <span class='ocrx_word' id='word_1_448' title='bbox 1394 5069 1397 5078; x_wconf 71' lang='grc'>,</span> 
     </span>
    </p>
   </div>
  </div>
 </body>
</html>
