3172 5120
816 225 853 284 18

254 396 429 476 amicum,1)
453 401 489 460 ut
511 413 574 460 non
596 400 704 476 posset
726 395 845 476 negari,
870 413 941 460 euin
963 396 1056 460 nimis
1080 396 1241 480 cessisse)
1266 397 1418 479 opinioni,

258 484 379 549 licitum
403 501 482 563 csse,
499 483 704 563 cogitationes
727 482 935 562 dissimulare,
962 500 1096 563 eumque
1110 483 1253 548 timuisse
1276 483 1417 549 sodalem

253 571 382 650 ordinis,
399 589 492 653 quem
508 570 611 638 adhuc
626 570 795 651 plurimum
814 573 1014 635 auctoritatis
1029 570 1145 635 habere
1157 572 1419 651 arbitrabatur.³)

254 658 317 724 Sed
340 658 433 723 simul
455 664 521 723 tam
545 659 628 723 seria
650 675 688 723 ac
711 659 837 724 minime
863 657 1003 738 jucunda
1025 659 1123 722 verba
1145 660 1230 739 apud
1253 678 1305 723 eos
1328 659 1415 741 facit,

254 753 292 811 ut
315 749 409 811 etiam
432 746 482 810 hic
505 747 678 828 praecipua
701 745 927 811 moderationis
944 763 1041 811 causa
1063 751 1218 827 appareat
1239 748 1327 828 pacis
1350 755 1419 813 stu·

256 835 343 899 dium
367 853 405 898 ac
428 835 531 898 minus
561 833 725 905 timiditas,
771 834 862 899 Anno
888 841 981 913 1517,
1010 851 1104 914 quum
1129 833 1281 899 Erasmus
1312 835 1417 902 Hoch·

255 923 347 988 strati
370 924 521 1002 impetum
544 926 630 986 certo
654 923 713 985 sibi
737 922 900 986 imminere
924 923 1074 999 audisset,
1087 923 1113 998 ⁴)
1143 924 1358 1004 perseveravit
1380 927 1416 988 nt

256 1016 351 1075 antea
375 1028 445 1074 cum
478 1009 673 1074 Hochstrato
703 1027 807 1090 agere.
822 1013 847 1087 ⁵)
901 1010 946 1076 Ut
968 1010 1067 1090 igitur
1097 1010 1165 1090 ipsc
1193 1010 1418 1076 moderationis

256 1096 432 1179 exemplum
456 1097 522 1162 edit
544 1103 638 1177 atque
653 1095 852 1162 adversarios
875 1096 1010 1162 inermes
1026 1097 1323 1178 tractabilioresque
1346 1099 1417 1164 red·

255 1186 310 1264 dit,
334 1187 380 1250 ita
403 1191 512 1266 aperte
538 1185 699 1267 vituperat
733 1203 843 1250 eorum
866 1184 1026 1250 libidinem
1050 1185 1251 1251 detractandi
1280 1185 1415 1250 aliorum

254 1270 327 1338 fidei
362 1278 458 1354 atque
492 1272 770 1354 intemperantiam
779 1274 805 1350 6)
845 1271 1100 1353 Hochstratoque
1138 1273 1302 1338 consilium
1337 1274 1416 1338 dat:

257 1361 377 1440 ,Velim
401 1366 434 1424 te
457 1361 555 1440 magis
578 1361 611 1424 in
633 1367 795 1440 posterum
818 1360 967 1442 dignitati
990 1360 1182 1426 consulere.“
1200 1364 1224 1444 ⁷)

342 1448 436 1513 Haud
451 1447 585 1511 multum
601 1453 708 1512 autern
723 1447 910 1529 profuerunt
925 1448 1004 1513 haec
1019 1446 1148 1529 pacifica
1165 1448 1293 1513 Erasmi
1308 1449 1414 1528 verba,

254 1553 336 1616 quae
359 1535 459 1600 solum
483 1536 567 1616 apud
590 1535 785 1600 humanistas
809 1535 943 1615 aliquem
968 1534 1114 1600 effectum
1138 1536 1326 1601 habuerunt.

342 1623 445 1701 Quum
460 1624 662 1688 Hermannus
682 1624 721 1688 de
737 1622 827 1688 Nova
850 1623 957 1703 aquila
972 1625 1012 1687 ab
1027 1622 1222 1690 Hochstiato
1238 1621 1416 1690 offendente

255 1711 389 1793 epistola
411 1713 532 1793 petitus
561 1711 748 1776 vehemente
771 1712 817 1774 ira
840 1717 1029 1789 moveretur,
1061 1727 1218 1792 quumque
1251 1713 1318 1793 ejus
1341 1730 1415 1794 pro-

255 1801 364 1880 pinqui
382 1800 449 1881 jam
481 1799 674 1881 incepissent
697 1800 793 1862 armis
822 1799 1045 1864 Dominicanos
1069 1797 1272 1864 colonienses
1294 1803 1414 1878 petere,

254 1887 407 1951 Erasinus
430 1888 527 1951 otiam
561 1887 671 1951 ultimo
684 1890 709 1965 8)
740 1886 890 1968 temporis
918 1892 1077 1951 momento
1110 1905 1181 1951 eum
1204 1886 1347 1964 adduxit,
1379 1893 1416 1950 ut

255 1980 369 2056 coepto
392 1973 567 2039 desisteret.
602 1975 803 2038 Hermannus
819 1974 974 2039 Buschius
996 1972 1137 2039 libellum
1153 1974 1295 2038 editurus
1317 1973 1416 2039 Eras-

256 2081 341 2127 mum
364 2062 458 2144 hujus
474 2063 520 2126 rei
543 2064 708 2126 certiorem
724 2061 798 2126 fecit
820 2067 915 2142 atque
938 2062 1064 2126 titulum
1080 2061 1153 2125 libri
1176 2081 1248 2126 cuin
1271 2080 1307 2127 eo
1331 2080 1415 2127 com·

254 2151 435 2215 manicavit.
483 2148 531 2214 Ei
554 2167 615 2230 quo
650 2167 746 2230 quum
769 2148 922 2213 Erasmus
954 2148 1172 2227 intellexisset,
1204 2151 1236 2212 in
1259 2148 1340 2214 libro
1364 2167 1415 2212 res

255 2238 410 2301 contineri
433 2235 598 2319 theologos
613 2236 771 2302 mordicus
788 2235 990 2316 offendentes
1009 2236 1280 2301 dehortationibus
1300 2234 1413 2315 effecit,

254 2331 291 2390 ut
321 2324 400 2389 liber
432 2325 580 2390 ederetur
614 2326 739 2391 omnino
773 2324 1018 2389 transformatus
1032 2324 1060 2407 9)
1096 2330 1192 2405 atque
1225 2324 1287 2388 alio
1321 2324 1416 2388 titulo

254 2412 434 2495 praeditus:
462 2412 597 2490 ,vallam
620 2412 854 2478 humanitatis“

342 2499 505 2564 Interdum
528 2499 626 2581 igitur
641 2518 703 2563 non
727 2501 793 2564 sinc
817 2517 963 2565 successu
985 2499 1200 2564 restituendae
1215 2501 1286 2581 paci
1309 2499 1414 2563 studia

257 2588 399 2664 devovit3
423 2588 480 2652 sed
501 2587 684 2667 plerumque
708 2588 775 2669 ejus
798 2589 917 2652 monita
940 2605 1004 2652 non
1026 2589 1195 2652 observata
1216 2593 1299 2652 sunt.

343 2676 393 2739 lta
415 2675 537 2753 accidit,
562 2675 646 2756 quod
667 2676 828 2753 timuerat,
859 2680 896 2738 iit
918 2674 1084 2739 Reuchlini
1105 2681 1268 2740 certamen
1290 2675 1414 2739 initium

254 2769 339 2828 esset
371 2761 477 2827 fatalis
510 2763 643 2827 dissidii:
678 2781 774 2844 quum
807 2762 848 2826 ad
882 2781 993 2843 pacem
1026 2763 1202 2827 adhortans
1232 2766 1414 2829 versarctur

254 2853 339 2915 intra
370 2855 563 2933 pugnantes
595 2851 661 2931 iam
690 2852 762 2914 novi
794 2854 897 2915 motus
920 2869 978 2933 per
1004 2854 1104 2915 totam
1136 2849 1338 2914 Germaniam
1361 2868 1412 2914 eii·

254 2938 344 3003 citati
365 2939 534 3002 maximam
549 2944 671 3019 partem
695 2956 812 3018 corum,
836 2939 890 3019 qui
906 2939 1093 3020 oppositioni
1117 2938 1295 3016 studebant,
1317 2938 1414 3003 corri-

252 3030 398 3106 puerunt.
1175 3053 1179 3058 ·

252 3166 464 3179 *-

362 3217 383 3286 ¹)
401 3234 426 3272 a.
446 3219 514 3271 1517
533 3216 705 3272 Hochstrato
731 3218 837 3271 scribit:
867 3216 984 3287 „deflexi
1008 3219 1131 3274 nonnihil
1155 3219 1190 3273 ab
1216 3218 1318 3272 itinera
1343 3233 1412 3284 meo,

253 3296 284 3342 ut
302 3295 330 3344 tc
354 3295 474 3370 ueterem
503 3288 618 3368 amicum
644 3303 733 3370 meum
761 3288 905 3342 viderem.“
942 3288 1002 3356 (Er.
1030 3288 1163 3356 epistolae
1191 3289 1233 3343 ed.
1252 3288 1413 3356 Moguntiae

255 3361 324 3413 1544
343 3359 388 3496 ¹1P)
403 3358 963 3508 I3audaillegusngiliiliffagigiffitlizlresgpp)p.
976 3428 1048 3497 484),
1068 3427 1132 3482 dum
1150 3429 1203 3482 alio
1219 3427 1280 3482 loco
1299 3427 1333 3481 de
1352 3427 1411 3506 ejus

254 3498 437 3566 persequendi
455 3497 565 3579 libidine
584 3499 717 3579 queritur,
734 3499 810 3566 (ibid.
829 3515 855 3566 p.
875 3501 947 3568 385),
965 3501 1040 3568 dicit,
1059 3515 1120 3554 euin
1140 3513 1261 3555 amorem
1278 3497 1413 3552 bonarum

254 3569 397 3650 literarum
414 3575 590 3637 praestitisse
608 3567 683 3650 (ibid.
695 3584 721 3636 p.
734 3569 807 3639 484),
826 3569 889 3624 dum
902 3587 964 3624 aum
982 3570 1036 3624 atio
1053 3569 1113 3623 loco
1126 3569 1263 3622 inimicum
1281 3568 1413 3621 bonarum

251 3639 394 3694 literarum
413 3639 539 3706 appellat.
576 3636 725 3707 (Bbckingz
745 3640 862 3694 Hutteui
876 3640 945 3708 Opp.
966 3641 981 3692 l.
1000 3656 1024 3694 c.
1042 3641 1093 3694 vol.
1113 3639 1139 3691 ll
1159 3656 1185 3705 p.
1203 3640 1264 3705 275,
1283 3638 1332 3691 Er.
1351 3652 1413 3705 epp.

250 3726 276 3778 p·
297 3709 381 3846 385)¹3)
399 3778 434 3835 cf.
453 3795 478 3846 p.
500 3781 532 3832 17
551 3785 645 3836 annot.
664 3781 689 3833 9.

359 3852 372 3955 ἔ
400 3848 715 3972 {Ifutatgrlilimexpostulatio
734 3849 823 3919 (Hutt.
844 3847 913 3918 Opp.
933 3849 975 3904 ed.
994 3849 1117 3916 Bbcking
1136 3850 1152 3901 l.
1171 3865 1194 3905 c.
1213 3847 1241 3902 II
1258 3864 1285 3916 p.
1306 3849 1376 3916 197).

358 3989 381 4055 ⁶)
399 3989 448 4044 Er.
467 4005 529 4056 app.
539 3961 655 4057 Ι11486.

362 4060 381 4125 ⁷)
400 4059 449 4112 Er.
468 4073 529 4126 epp.
548 4076 574 4126 p.
593 4061 654 4113 485.

357 4129 379 4197 ⁸)
398 4129 445 4220 {ln
464 4143 526 4197 epp.
544 4144 571 4197 p.
591 4131 656 4196 6243
682 4127 800 4197 Spongia
818 4129 929 4184 Erasini
948 4129 1075 4198 (Hutteni
1098 4129 1166 4197 Opp.
1191 4130 1232 4184 ad.
1251 4127 1376 4196 Bdcking
1393 4127 1412 4180 Ι.

251 4215 273 4253 θ’
293 4199 321 4252 H
339 4201 520 4338 p3)2gggingia
538 4267 619 4322 ibid:
657 4267 714 4338 „Ut
732 4269 800 4324 liber
819 4269 927 4337 legatur
946 4269 1019 4324 citra
1037 4269 1170 4324 offensam
1188 4269 1222 4323 ab
1242 4268 1357 4323 doctis.“
1407 4300 1410 4304 ·
