3172 5120
737 215 771 274 31

178 385 267 466 operi
300 383 541 450 fundamentum
572 383 813 448 subtrahebant.
821 383 846 465 1)
900 383 970 462 Qua
994 383 1112 450 scilicet
1135 403 1169 449 re
1193 383 1339 450 effectum

179 479 237 552 est,
251 475 278 556 2)
311 478 348 536 01
380 474 530 537 Erasmus
562 472 731 556 judicaret,
762 470 979 536 Lutheranam
1013 491 1079 536 rem
1114 473 1250 553 incipere
1285 473 1340 537 de·

178 561 305 627 clinare.
313 561 339 644 8)
374 560 576 642 intelligebat
591 578 666 624 vero
690 557 853 638 Erasmus,
876 559 1040 625 victoriam
1059 561 1339 642 completissimam

178 649 334 730 reportari
358 649 398 713 ab
422 649 474 726 iis,
507 649 560 729 qui
590 647 748 713 mordicus
779 645 931 712 ecclesiae
962 665 1029 712 rem
1053 645 1279 727 defendebant,
1311 650 1338 714 si

178 736 362 800 butherana
396 734 490 802 factio
525 741 592 799 tum
623 740 656 799 et
689 735 734 798 ita
768 734 1013 816 depugnaretur.
1066 737 1108 800 At
1142 742 1337 816 compertum

178 822 333 902 habebat,
367 823 425 888 hos
455 822 629 888 catholicae
663 823 709 886 rei
743 822 835 886 nimis
867 823 1024 888 studiosos
1058 842 1165 905 pugna
1197 824 1339 889 irritatos

182 912 395 990 ,servitutem
419 910 585 990 quaejam
609 914 679 974 erat
693 909 930 988 intoler·abilis,“
958 911 1237 994 conduplicassefl)
1275 911 1341 975 Ita·

179 1017 239 1080 que
263 1017 372 1064 eorum
395 999 558 1063 victoriam
574 1016 669 1078 quam
691 999 824 1062 maxime
840 998 1113 1079 perhorrescebat:
1142 998 1193 1078 ,Si
1207 998 1340 1064 inclinat

179 1086 361 1151 Lutherana
375 1085 498 1164 factio,“
520 1103 602 1150 anno
624 1089 707 1149 1528
723 1085 905 1149 Hermanno
922 1085 961 1149 de
977 1086 1066 1150 Nova
1081 1086 1188 1166 aquila
1202 1087 1339 1167 scripsit,

182 1175 293 1255 „quod
318 1180 353 1238 ut
376 1172 442 1251 fiat,
465 1174 527 1256 ipsi
550 1173 658 1237 sedulo
682 1174 759 1236 dant
782 1191 918 1252 operam,
951 1176 1110 1239 exorietur
1132 1174 1339 1240 intolerabilis

178 1262 525 1344 pseudomonachorum
548 1261 755 1343 tyrannis.“⁵)
790 1260 893 1338 Quum
916 1262 947 1324 iu
972 1259 1079 1326 Gallia
1102 1262 1163 1328 duo
1186 1262 1337 1340 hominen,

179 1351 288 1430 quiin
322 1349 572 1431 Quadragesima
600 1366 726 1412 caruem
755 1349 971 1428 comederant,
1006 1350 1045 1414 de
1074 1351 1140 1414 vita
1167 1350 1340 1432 periclitati

179 1442 295 1516 essent,
318 1455 414 1518 quum
436 1437 566 1501 tertium
583 1453 782 1502 concremare
801 1435 982 1514 voluissent,
1007 1437 1061 1516 qui
1077 1437 1205 1518 dixerat,
1230 1456 1339 1503 mona·

26 1556 29 1564 ·
142 1555 144 1560 ·
179 1525 268 1590 sterii
300 1523 369 1590 loco
402 1524 616 1608 orphanorum
650 1522 839 1588 domicilium
871 1525 951 1588 strui
973 1524 1085 1590 meiius
1117 1543 1198 1604 esse,
1231 1543 1338 1591 rerum

178 1613 405 1676 imminentium
428 1613 625 1694 prolusiones
649 1611 727 1676 haec
750 1629 820 1675 esse
842 1611 988 1692 opinatus
1012 1613 1126 1697 esca·
1152 1613 1259 1690 Quare
1282 1613 1339 1676 ali-

179 1699 304 1781 quando
328 1700 531 1765 acerbissima
553 1700 672 1764 ironia:
700 1697 785 1778 ,latit
810 1699 919 1779 inquit,
945 1699 1019 1763 oiim
1042 1718 1172 1781 regnum
1195 1702 1339 1782 Assyrio-

178 1806 257 1866 rum,
283 1787 486 1865 Graecorum,
518 1787 700 1853 Medorum:
736 1786 820 1867 quid,
851 1786 879 1850 si
901 1786 978 1850 deus
1001 1787 1114 1868 aliquis
1146 1806 1230 1854 nunc
1251 1788 1338 1869 velit,

180 1893 249 1941 esse
272 1893 406 1958 regnum
429 1875 652 1940 monachorum
674 1880 730 1939 aut
753 1873 963 1938 stultorum?“
981 1874 1009 1956 ⁷)

267 1961 404 2027 Necesse
427 1969 506 2042 erat,
538 1963 588 2027 his
619 1961 923 2027 considerationibus
953 1969 1047 2043 atque
1076 1962 1339 2028 sollicitudinibus

178 2051 346 2114 Erasmum
369 2052 568 2131 commoveri,
600 2056 637 2115 ut
659 2068 768 2114 rursus
791 2049 910 2129 majore
932 2048 1055 2115 fervore
1078 2051 1190 2115 studiis
1213 2053 1338 2116 irenicis

179 2156 213 2202 se
237 2137 338 2205 daret.
384 2139 497 2219 Itaque
519 2157 588 2202 cum
612 2136 813 2216 LutheraniS,
836 2142 927 2217 parte
950 2139 982 2201 in
1006 2140 1169 2220 angustias
1191 2140 1338 2218 adducta,

179 2226 266 2307 pacis
290 2225 417 2291 consilia
441 2226 691 2292 communicavit.
739 2225 883 2289 Vulturio
906 2225 1073 2305 Neocomo,
1097 2227 1150 2307 qui
1173 2246 1274 2308 nuper
1298 2227 1340 2292 ad

180 2313 379 2393 evangelicos
403 2313 601 2392 discesserat,
625 2313 658 2377 id
681 2331 715 2378 se
739 2311 920 2377 desiderare
935 2312 1092 2378 declarat:
1120 2315 1258 2392 ,utinam
1280 2332 1338 2394 per

178 2402 330 2480 quosdam
354 2407 478 2466 vestrae
500 2401 704 2483 professionis
727 2400 822 2464 liceat
844 2401 964 2465 mederi
987 2402 1158 2482 pristinis.“
1175 2404 1201 2486 ⁸)
1235 2403 1339 2482 Atque

178 2496 245 2552 tum
269 2489 346 2554 haec
362 2507 420 2553 sua
443 2490 582 2555 remedia
597 2486 731 2570 profert:
761 2505 860 2568 ,quae
883 2485 1027 2554 officiunt
1042 2489 1153 2570 pietati
1177 2495 1337 2568 sanentur,

180 2594 260 2656 quae
284 2578 335 2657 pia
358 2582 444 2655 sunt,
476 2580 507 2641 in
531 2579 580 2642 his
608 2577 856 2654 consentiamus,
891 2595 973 2657 quac
1005 2595 1063 2641 nec
1091 2577 1260 2642 admodum
1284 2578 1338 2642 ad·

179 2664 298 2728 ducunt
320 2663 361 2726 ad
384 2667 536 2745 pietatem
565 2682 624 2728 nec
647 2661 799 2742 officiunt,
829 2665 968 2728 sinamus
991 2665 1023 2728 in
1054 2664 1103 2728 his
1134 2683 1339 2745 unumquem-

178 2769 238 2831 que
275 2751 309 2815 iu
343 2769 400 2816 suo
440 2770 533 2818 sensu
574 2752 765 2817 abundare.“
782 2752 811 2834 9)
872 2751 979 2829 ,Quae
1019 2758 1095 2815 sunt
1131 2752 1249 2830 ardua,
1294 2753 1339 2817 sic

180 2875 389 2886 —u—-u—-n--n—

288 2925 308 2995 ¹)
327 2927 368 2980 De
388 2926 483 2980 Wettc
502 2926 518 2979 l.
538 2942 561 2980 c.
580 2926 631 2981 vol.
650 2926 692 2978 111
710 2941 736 2992 p.
755 2928 807 2978 214
826 2927 879 2991 127.
900 2925 959 2980 Oct.
987 2926 1073 2994 1527).
1103 2926 1178 2981 Petit
1196 2925 1338 2981 Lutherus

180 3011 196 3050 a
215 2996 440 3051 Melanchthone:
462 2996 595 3063 ,Orapro
613 3011 656 3050 me
674 2996 775 3050 misero
794 3001 822 3048 et
840 2996 950 3063 abjecto
969 3012 1069 3065 verme,
1088 2997 1221 3052 tristitiae
1240 2998 1340 3064 spiritu

179 3067 246 3120 bene
265 3067 394 3120 vexato·“
414 3065 490 3132 (ibid.
508 3069 558 3122 vol.
578 3067 618 3119 III
636 3082 662 3133 p.
682 3067 741 3132 220,
763 3068 802 3120 10.
822 3066 889 3120 Nov.
909 3067 989 3134 1527)
1008 3067 1087 3122 iusto
1115 3068 1202 3122 ionae
1228 3068 1337 3121 scribit:

94 3145 100 3152 ’
181 3135 344 3218 „Erasmum
362 3108 409 3204 (sc.
430 3136 528 3189 librum
546 3135 658 3190 Erasini
677 3137 922 3218 „ilyperaspistes“
942 3137 1123 3206 intitulatum)
1142 3144 1169 3192 et
1187 3152 1339 3192 sacramen·

179 3214 266 3260 tarsos
284 3205 404 3261 nondum
417 3207 490 3274 legi.
511 3249 517 3263 .
538 3246 544 3259 .
563 3213 639 3260 recte
650 3205 764 3274 faciunt,
783 3221 806 3258 s1
818 3223 860 3261 me
872 3223 1000 3262 miserum
1013 3208 1204 3274 conculceut;“
1223 3207 1339 3262 liutheri

179 3275 248 3344 Opp.
258 3277 299 3331 ed.
309 3277 371 3330 Jen.
382 3293 407 3330 a.
420 3277 607 3332 1556001111.
624 3277 669 3334 fol.
681 3276 744 3329 458:
762 3283 831 3342 ,tuot
841 3276 959 3332 luitbtus
970 3277 1012 3342 fiir
1025 3275 1062 3331 ein
1071 3277 1131 3344 10011
1141 3277 1215 3344 ancien
1224 3277 1252 3331 in
1261 3278 1339 3344 iltuit·

180 3345 242 3412 iipet
261 3345 305 3413 ,ea
323 3347 424 3412 merbec,
443 3352 527 3401 menna
546 3347 569 3414 10
589 3345 711 3412 lateritia
729 3347 832 3413 sepehet,
851 3347 882 3400 bo
900 3347 938 3401 bie
956 3347 1003 3400 lete
1021 3347 1092 3402 luunt
1104 3349 1165 3414 rctbt
1182 3363 1339 3416 unumunurn

178 3414 241 3483 iitll
284 3415 397 3484 „iirinpt
420 3415 478 3484 :nib
503 3418 565 3470 beau
588 3417 629 3470 ber
647 3416 710 3484 bert
734 3416 785 3480 0110
810 3416 858 3471 urit
881 3417 943 3470 utcu
967 3417 1045 3483 icinen
1069 3417 1194 3482 elucent:
1233 3419 1338 3486 Bugon-

180 3487 269 3554 hagen
294 3492 322 3540 et
345 3487 443 3542 iustus
462 3487 548 3541 Jonas
575 3493 640 3554 post
665 3487 783 3540 Lutheri
810 3494 926 3540 mortem
952 3488 1026 3542 hune
1050 3488 1112 3555 ejus
1135 3489 1218 3544 animi
1236 3496 1339 3544 statum

180 3556 397 3695 descripgefflunltl·
406 3557 496 3677 1110110
515 3557 610 3680 (Lulth.
629 3555 699 3680 Olpp.
718 3556 777 3610 ead.
796 3557 838 3610 ed.
857 3558 907 3611 vol.
927 3558 969 3610 111
987 3575 1013 3626 p.
1032 3558 1175 3627 458-61).

354 3644 416 3681 om
437 3643 467 3680 er
496 3643 544 3680 .c.
613 3671 620 3684 .
677 3667 683 3680 .

288 3700 309 3766 Β)
326 3698 375 3750 Er.
395 3643 456 3765 epgp.
483 3643 612 3765 p.1017p:
644 3697 820 3765 „Lutherana
844 3711 890 3751 res
914 3697 1012 3766 incipit
1040 3698 1176 3752 declinare
1193 3697 1338 3768 (Erasmus

181 3765 277 3821 carolo
300 3767 324 3818 V
350 3782 373 3821 a.
400 3766 493 3836 1527);
513 3767 577 3822 ibid.
602 3783 628 3835 p.
651 3770 731 3822 1091:
762 3767 806 3836 ,in
826 3766 883 3822 dies
907 3769 1025 3822 mitescit
1051 3768 1136 3822 febris
1160 3768 1337 3823 Lutherana“

178 3835 213 3903 (θ’
236 3835 376 3975 malm·
396 3890 501 3989 eppsp.
524 3909 592 3961 1030
610 3907 729 3977 (Bucero
746 3907 881 3963 Erasmus
899 3923 924 3962 a.
945 3908 1034 3974 1527).

286 3977 505 4114 :)i{egmrnpslrgc31
524 3979 538 4032 Ι.
558 3993 580 4031 0.
599 3979 652 4032 vol.
672 3978 699 4030 11
717 3994 744 4046 p.
765 3979 824 4032 152.

325 4063 389 4101 11.
429 4088 434 4100 .
507 4087 513 4101 .

288 4120 297 4151 l
328 4117 376 4171 Er.
396 4063 456 4185 elpp.
476 4134 502 4184 p.
523 4120 600 4173 1404.

286 4189 297 4221 ⁸
327 4185 417 4254 Epist.
437 4188 545 4241 Erasmi
564 4194 661 4243 contra
679 4187 819 4256 quosdam,
839 4188 886 4255 qui
905 4203 934 4243 se
952 4187 1022 4244 falso
1038 4187 1147 4256 jactant
1167 4186 1338 4256 evangelicos

178 4256 195 4310 l.
216 4272 238 4314 c.
257 4255 303 4311 iol.
323 4256 358 4321 B,
379 4257 478 4325 (mens.
496 4258 566 4313 Nou.
585 4274 608 4312 a.
630 4258 720 4325 1529).
760 4258 782 4327 ⁹)
801 4258 864 4312 ibid.

1223 4838 1237 4844 .,
1262 4837 1418 4846 ---—..—-

5 4839 1312 5090 —
1390 5077 1393 5086 r
