3172 5120
853 197 869 254 2

282 370 408 429 secutus
432 370 489 444 est,
515 383 593 444 quae
622 364 726 442 „velut
749 363 873 429 occulta
899 370 1034 430 naturae
1056 365 1088 428 vi
1110 365 1253 446 rapiebat
1276 365 1316 428 ad
1338 365 1442 430 bonas

281 452 420 517 literas.“
440 455 466 533 1)
513 452 595 516 hlira
625 452 787 534 diligentia
811 471 848 520 ac
879 471 969 516 rarae
993 453 1082 517 dotes
1111 460 1245 517 naturae
1268 452 1347 518 adeo
1371 455 1439 534 ejus

281 540 388 606 studia
410 540 612 622 adjuvabant,
637 545 673 604 ut
696 540 736 604 ab
759 542 895 605 externis
910 541 1042 606 vincrrlis
1065 541 1193 605 tandem
1214 540 1368 604 liberatus
1391 543 1443 605 vir

281 627 420 709 perfecte
442 627 597 710 planeque
624 629 765 693 eruditus
788 629 963 707 exsisteret,
987 629 1129 693 homines
1152 629 1342 710 eloquentia,
1367 629 1436 698 dili-

282 716 402 798 gentia,
434 715 610 781 studiorum
639 716 844 798 amplitudine
875 714 1089 798 stupefaceret
1111 734 1148 781 ac
1178 722 1245 781 tum
1274 717 1437 782 doctrinae

281 804 490 885 principatum
514 823 585 869 cum
601 805 708 885 paucis
731 809 854 869 tantum
876 805 952 868 viris
968 803 1099 869 haberet
1121 822 1326 870 communem.
1360 804 1439 869 Inde

282 892 321 955 ab
345 891 404 957 hoc
426 897 568 974 tempore
591 910 706 972 omnes,
726 910 809 972 quos
831 897 973 974 poterat,
1004 891 1129 956 labores
1152 893 1184 956 iu
1207 894 1305 957 bonas
1328 891 1439 958 literas

281 980 492 1060 impendebat,
508 981 640 1062 impigre
664 998 716 1046 eas
731 979 923 1061 locupletare
947 979 1095 1045 studebat
1110 985 1142 1044 et
1166 999 1185 1043 a
1206 998 1312 1062 pugna
1327 987 1439 1046 contra

185 1149 187 1154 ,
282 1067 499 1145 scholasticos,
534 1069 692 1148 proximos
724 1086 833 1132 earum
866 1068 1080 1147 adversarios,
1111 1065 1313 1148 proficiscens
1343 1070 1438 1132 etiam

282 1156 457 1221 doctrinam
472 1155 690 1238 theologorum
706 1162 738 1221 et
754 1156 906 1236 ecclesiae
923 1161 1038 1220 statum
1055 1156 1309 1238 aggrediebatur.
1336 1155 1440 1236 ipsius

284 1243 371 1308 vitae
393 1244 508 1326 peritia
531 1244 654 1322 doctuS,
690 1244 864 1309 instructus
894 1246 990 1308 armis
1013 1244 1202 1309 acutissimis
1233 1243 1438 1320 cavillationis

189 1377 190 1382 η
283 1337 315 1395 et
337 1331 534 1412 eloquentiae
549 1331 697 1413 perfacile
721 1329 846 1396 fluentis
870 1331 1045 1414 castigabat
1061 1332 1327 1413 depravationem,
1352 1331 1441 1395 stoli·

283 1419 412 1485 dilatem
442 1420 668 1484 monachorum
698 1419 892 1500 aliorumque
920 1420 1113 1500 clericorum.
1127 1420 1295 1498 irridebat,
1329 1439 1437 1501 expro-

283 1507 399 1572 brabat
434 1509 551 1572 abusus
584 1509 669 1573 vitae
707 1507 954 1586 ecclesiasticae,
994 1507 1189 1572 insulsitates
1223 1507 1438 1572 doctrinarum

282 1594 537 1676 theologicarum.
583 1593 645 1660 Sed
667 1597 700 1660 in
730 1595 899 1678 pugnando
931 1593 1138 1662 effervescens
1169 1596 1383 1678 aequitatique
1406 1596 1439 1658 in

282 1684 514 1762 vituperatione
545 1701 656 1764 parum
687 1685 866 1763 consulens,
899 1683 939 1748 ab
970 1684 1054 1748 omni
1076 1683 1323 1766 theologicarum
1346 1683 1437 1748 disci-

282 1769 439 1852 plinarum
463 1771 567 1837 studio
591 1776 739 1849 semotae,
771 1773 918 1836 inductus
942 1773 1038 1836 etiarn
1061 1772 1174 1837 studiis
1197 1771 1327 1850 frivolis,
1357 1789 1439 1852 quae

285 1860 390 1923 omnia
413 1858 631 1938 deturbabant,
656 1860 824 1941 praecipue
840 1859 1090 1924 humanistarum
1113 1859 1304 1938 italicorum,
1329 1860 1438 1924 stimu-

281 1945 364 2010 latus
387 1946 548 2028 plausibus
581 1948 717 2028 undique
748 1948 864 2012 auditis
887 1947 971 2012 haud
994 1966 1065 2013 raro
1093 1949 1265 2014 sententias
1288 1947 1441 2012 ecclesiae

283 2035 468 2100 auctoritati
500 2035 708 2116 periculosas,
744 2036 839 2100 immo
870 2035 1032 2118 religionis
1066 2036 1257 2100 christianae
1291 2035 1439 2117 dignitati

281 2129 431 2188 nocentes
453 2122 595 2204 protulit.
632 2123 720 2202 Quae
743 2142 794 2188 res
811 2123 946 2190 dilucide
970 2130 1140 2190 cernuntur
1157 2125 1288 2188 mraxime
1310 2124 1342 2187 in
1357 2122 1440 2186 libro

284 2211 419 2290 Erasmi,
445 2229 536 2292 quem
564 2212 753 2290 ,Eucomion
777 2211 913 2277 Morias“
939 2212 1109 2293 inscripsit,

789 2395 869 2464 cap.
894 2395 920 2450 1.

351 2524 467 2606 Quibus
491 2526 597 2592 causis
620 2527 769 2592 Erasmus
793 2527 834 2592 ad
857 2528 964 2594 studia
986 2528 1108 2595 irenica
1131 2527 1286 2594 adductus
1309 2526 1362 2609 sit,

762 2633 948 2716 explicatur

364 2737 467 2801 Nihilo
502 2739 604 2803 minus
638 2739 721 2803 idem
760 2739 839 2803 liber
874 2739 1001 2803 ultimus
1037 2746 1085 2804 est
1120 2757 1228 2805 eorum
1250 2738 1438 2817 studiorum,

279 2827 409 2906 quaein
425 2829 593 2906 negatione
609 2827 805 2908 potissimum
822 2833 854 2891 et
869 2828 1102 2908 vituperatione
1118 2833 1296 2892 versantur.
1333 2825 1435 2902 Quum
1462 2881 1464 2888 ,

280 2915 361 2978 enim
385 2912 559 2978 Encomion
582 2913 700 2978 Morias
731 2916 762 2979 in
785 2915 887 2979 iucem
911 2915 1060 2998 prodiret,
1095 2916 1245 2980 Erasmus
1267 2916 1299 2979 in
1323 2913 1438 2994 Anglia

220 3062 224 3070 .
280 3002 542 3080 commorabatur,
566 3002 619 3066 ubi
643 3004 868 3068 consuetudine
893 3004 1042 3068 utebatur
1064 3004 1210 3082 virorum,
1236 3004 1289 3083 qui
1311 3007 1347 3065 ut
1369 3001 1439 3080 ipse

278 3105 385 3153 amore
408 3089 561 3153 bonarum
591 3090 755 3154 literarum
785 3089 971 3156 inflammati
994 3095 1096 3172 erant,
1128 3096 1164 3154 ut
1185 3091 1253 3172 ipse
1285 3089 1433 3168 temporis

279 3177 451 3242 doctrinam
476 3177 721 3242 eeclesiasticam
738 3178 959 3260 despiciebant,
985 3181 1045 3260 qui,
1070 3196 1165 3259 quum
1181 3178 1299 3260 optime
1322 3175 1436 3240 eruditi

280 3271 385 3328 essent
409 3269 440 3328 et
463 3267 562 3330 vitam
592 3268 676 3346 piam
698 3267 898 3347 moribusque
921 3267 1009 3347 puris
1039 3273 1184 3332 ornatam
1208 3266 1368 3346 degerent,
1399 3281 1436 3327 eo

280 3353 424 3418 omnibus
440 3354 557 3419 viribus
574 3354 817 3433 contendebant,
835 3360 871 3418 ut
886 3355 1064 3436 theologiae
1078 3352 1212 3418 formam
1228 3353 1433 3428 emendatam,

284 3439 436 3505 eeclesiae
465 3441 578 3506 iaciem
610 3443 769 3524 puriorem
800 3461 836 3506 ac
870 3443 1043 3523 digniorem
1069 3443 1253 3520 redderent,
1288 3447 1323 3504 ut
1351 3440 1436 3503 vitae

279 3529 407 3608 pietatis
423 3531 638 3611 bonorumque
655 3549 776 3594 morum
793 3536 1014 3596 ornamentum
1028 3531 1252 3594 instaurarent.
1286 3529 1344 3594 His
1360 3527 1435 3590 viris

280 3617 432 3681 ecclesiae
467 3617 610 3684 doctrina
647 3617 904 3684 scholasticorum
940 3619 1096 3700 dogmatis
1130 3626 1295 3698 corrupta,
1333 3616 1436 3696 pietas

280 3705 517 3770 cerimoniarum
538 3704 707 3772 artificiosa
719 3707 937 3772 observatione
949 3707 1121 3787 depravata
1135 3705 1310 3770 uidebatur.
1332 3703 1437 3781 Quare

281 3791 514 3874 simplicitatem
537 3799 602 3858 tam
618 3796 703 3859 vitae
718 3812 812 3875 quam
828 3795 990 3860 doctrinae
1005 3795 1141 3875 primum
1164 3793 1436 3874 concupiscebant,

173 3959 176 3962 ,
281 3899 375 3961 quam
397 3901 475 3962 pure
500 3887 687 3963 expressam
711 3883 945 3964 cognoscebant
966 3884 998 3946 in
1025 3900 1115 3947 sacra
1138 3879 1341 3963 scriptm·a.²)
1389 3878 1436 3942 Ad

280 3968 360 4033 hanc
391 3970 628 4052 intelligendam
658 3971 747 4036 bonis
778 3970 878 4035 literis
909 3970 1059 4036 videbant
1089 3970 1288 4058 praeparari,
1323 3967 1437 4048 quibus

388 4163 406 4228 1)
425 4161 548 4230 catalogi
568 4163 619 4216 duo
638 4177 751 4231 operum
764 4162 873 4216 Erasmi
892 4162 933 4216 ed.
946 4163 1121 4234 Antuerpiae
1141 4179 1164 4216 a.
1179 4163 1254 4216 1537.
1274 4163 1304 4214 8⁰
1323 4159 1434 4222 sold..

386 4231 407 4300 ²)
427 4231 557 4286 Similiter
582 4233 610 4285 in
630 4232 719 4286 Gallia
737 4233 828 4288 Faber
847 4231 1018 4300 Stapulensis
1043 4233 1170 4288 docebat:
1210 4231 1299 4300 „G’est
1327 4235 1377 4298 que
1400 4243 1435 4282 ne
