3172 5120
802 218 843 279 38

251 393 301 472 ,in
324 409 381 457 suo
404 409 499 456 sensu
522 390 703 456 abundare“
723 406 825 472 neque
840 389 952 454 eadem
967 393 1119 469 negantes
1134 391 1167 454 et
1182 392 1400 454 asseverantes

247 481 286 546 ob
309 479 390 545 hanc
405 480 587 563 opinionum
603 479 827 544 dissensionem
845 477 966 559 justam
982 494 1109 541 causam
1125 475 1240 542 habere
1262 476 1402 549 declarat

249 567 433 635 concordiae
456 569 595 632 omnium
616 567 766 648 pacisque
787 565 932 646 publicae
954 563 1210 646 rumpendarum.
1226 564 1250 647 1)

334 657 417 721 Dum
439 657 486 719 ita
508 654 660 720 Erasmus
683 657 716 718 et
738 652 1010 719 adhortationibus
1032 651 1157 733 publice
1180 652 1305 732 quidem
1335 657 1401 720 tra-

248 744 340 822 ditis,
376 743 432 808 sed
456 743 495 808 de
518 743 614 808 certis
636 744 731 807 rebus
753 759 818 806 non
841 739 1068 806 disserentibus
1091 745 1123 804 et
1146 739 1283 805 consiliis
1307 741 1401 806 cerba

246 832 389 914 personis
405 836 492 896 certa
513 829 759 913 proponentibus
775 847 904 910 operam
919 827 1016 908 dedit,
1040 831 1076 891 ut
1090 829 1199 910 primo.
1212 827 1254 892 ad
1276 833 1401 912 tempus

246 919 420 984 tolerabilis
443 919 557 984 saltem
579 937 686 984 rerum
708 921 809 982 status
834 915 1019 996 efficeretur,
1043 933 1106 996 pax
1127 921 1160 980 et
1182 915 1347 982 concordia
1369 923 1402 981 et

247 1007 400 1072 ecclesiae
423 1007 596 1074 auctoritas
619 1006 762 1087 quamvis
785 1006 889 1087 specie
913 1005 1014 1070 solum
1036 1003 1280 1070 restituerentur
1303 1008 1335 1070 et
1357 1005 1402 1070 ita

246 1113 427 1160 accrescens
443 1095 595 1162 ecclesiae
606 1093 769 1160 dissolutio
781 1093 997 1174 impediretur,
1011 1091 1151 1174 Pflngius
1164 1091 1264 1156 literis
1277 1093 1401 1158 Erasmi

245 1183 462 1249 recusantibus
485 1202 532 1263 ca,
556 1201 637 1264 quae
661 1181 777 1248 abillo
800 1180 952 1262 petierat,
977 1198 1040 1246 non
1063 1181 1299 1260 deterrebatur,
1324 1181 1400 1262 qum

246 1271 334 1336 illum
358 1271 399 1336 ad
420 1271 581 1352 publicum
604 1271 719 1352 agendi
741 1269 901 1335 theatrum
923 1274 1052 1334 vocaret
1081 1273 1176 1350 atque
1206 1269 1400 1348 admoneret,

246 1367 282 1424 ut
304 1359 437 1440 publicis
461 1359 635 1426 actionibus
664 1358 705 1422 ad
728 1357 846 1422 malurn
867 1358 993 1438 penitus
1017 1357 1191 1421 sanandum
1213 1373 1272 1422 sua
1295 1357 1401 1422 studia

153 1453 165 1504 Ὺ
247 1447 462 1530 adhibemur)
512 1445 621 1526 ,Quod
644 1452 751 1512 autem
774 1445 894 1528 cogitas
916 1445 1027 1510 rudem
1056 1462 1194 1522 sumere,
1227 1445 1313 1510 istud
1345 1444 1401 1510 tibi

246 1535 386 1617 profecto
409 1554 466 1616 per
489 1553 568 1614 cum,
593 1535 646 1615 qui
667 1533 789 1614 tribuit,
814 1538 850 1597 ut
872 1551 981 1615 posses
996 1532 1157 1597 hominum
1180 1534 1288 1615 generi
1309 1550 1401 1614 prae·

247 1624 362 1688 claram
385 1641 510 1704 operam
534 1641 663 1700 navare,
700 1639 860 1702 nunquam
888 1621 1012 1687 licebit“
1026 1623 1052 1702 ³)
1087 1621 1191 1685 animo
1215 1620 1304 1685 valde
1328 1639 1401 1702 per·

247 1717 351 1776 motus
376 1710 557 1778 clamitavit.
759 1717 763 1725 “

334 1801 437 1879 Atque
458 1804 495 1863 ut
517 1797 575 1862 hoc
598 1817 673 1862 vere
696 1798 814 1863 dictum
838 1802 932 1876 esset,
956 1797 1037 1862 alius
1058 1815 1181 1879 quoque
1198 1815 1267 1862 cum
1282 1797 1402 1878 Pdugio

247 1885 400 1951 similibus
423 1887 535 1951 studiis
555 1885 702 1966 junctus,
737 1886 794 1951 sed
825 1887 920 1951 etiam
948 1886 1051 1951 acrior
1073 1886 1251 1951 admonitor
1272 1903 1401 1968 progre-

248 1975 401 2052 diebatur,
426 1973 576 2040 Wicelius
600 1974 727 2052 scilicet,
762 1975 816 2056 qui
839 1992 935 2056 quum
958 1993 1058 2056 nuper
1081 1993 1101 2038 a
1122 1973 1262 2038 Luthero
1284 1973 1401 2057 disces·

248 2065 353 2140 sisset,
383 2063 487 2127 omnia
509 2062 592 2126 vitae
614 2062 719 2126 studia
742 2062 829 2144 pacis
853 2061 1049 2143 reparandae
1071 2061 1199 2143 negotio
1223 2061 1400 2126 devoverat.

335 2150 464 2215 Duabus
480 2156 614 2231 uterque
630 2149 798 2215 virtutibus
814 2149 978 2232 praeditus
994 2155 1074 2230 erat,
1090 2167 1172 2230 quae
1187 2148 1259 2214 huic
1275 2150 1400 2230 negotio

248 2245 281 2302 et
303 2238 385 2301 hunc
409 2243 441 2302 et
463 2238 554 2303 illum
576 2236 709 2302 Erasmo
733 2239 889 2319 aptiorem
911 2237 1136 2302 reddiderunt:

242 2375 245 2380 .
335 2325 473 2392 Juvenili
495 2327 606 2390 ardore
628 2324 793 2392 fervebant
816 2333 911 2406 atque
935 2326 1058 2407 patriae
1080 2343 1202 2404 amore,
1221 2343 1282 2404 quo
1305 2323 1401 2390 Eras-

247 2429 316 2478 mus
340 2432 360 2477 a
381 2414 480 2479 totius
503 2413 612 2478 rnundi
634 2431 742 2478 amore
764 2413 970 2495 profecturae)
994 2431 1096 2494 neque
1120 2431 1189 2478 cum
1204 2413 1308 2478 animo
1324 2411 1402 2478 Ger·

247 2501 369 2566 manico
392 2500 572 2566 coalescens
606 2519 707 2581 neque
731 2501 959 2568 Germanorum
988 2501 1128 2583 linguam
1152 2502 1230 2566 satis
1253 2502 1331 2567 bene
1354 2501 1402 2565 in-

246 2589 431 2671 telligens5)
455 2607 517 2653 non
540 2586 671 2654 affectus
693 2593 772 2655 erat.

276 2725 277 2730 .
334 2677 484 2754 Quamvis
507 2677 605 2758 igitur
626 2675 714 2742 hisce
737 2677 908 2742 virtutibus
931 2677 960 2745 ei
981 2676 1205 2742 antecederent
1228 2683 1323 2759 atque
1339 2677 1403 2742 dis-

247 2765 365 2830 similes
389 2771 503 2846 essent,
526 2769 665 2832 attamen
688 2771 724 2829 ut
746 2764 894 2846 Pflugius,
919 2766 966 2830 ita
989 2766 1083 2830 etiam
1105 2765 1255 2832 Wicehus
1277 2766 1403 2832 Erasini

245 2855 485 2935 persuasionum
508 2853 755 2936 theologicarum
779 2855 939 2934 particeps
973 2859 1043 2918 erat
1082 2853 1182 2934 iisque
1205 2854 1400 2920 movebatur.

248 2941 329 3006 Nam
352 2946 384 3006 et
408 2939 556 3006 Wicelius
591 2941 810 3007 orthodoxiam
843 2941 955 3022 habuit
988 2942 1136 3007 biblicam
1168 2941 1255 3005 illam
1277 2939 1402 3006 Erasmi

245 3029 447 3110 theologiam,
463 3032 487 3105 ⁶)
521 3029 601 3094 hanc
632 3029 768 3093 mediam
801 3030 885 3094 inter
919 3029 1097 3095 haereticas
1133 3034 1165 3094 et
1198 3030 1402 3095 scholasticas

247 3116 409 3198 opiniones
433 3115 531 3181 solam
555 3117 712 3182 salubrem
743 3116 902 3197 habuitli,
932 3116 1013 3182 hanc
1034 3135 1155 3182 summo
1177 3117 1290 3182 ardore
1313 3134 1402 3198 prae·

247 3205 379 3284 dicavit,
411 3203 544 3270 Erasmo
568 3206 650 3269 enim
679 3221 877 3270 asseverans:
927 3204 1115 3284 „maleficias
1148 3205 1223 3269 mihi
1246 3205 1344 3287 Deus,
1374 3207 1401 3270 si

246 3293 346 3359 isthoc
368 3293 523 3357 insincere
557 3294 723 3373 scribam“,
736 3293 762 3377 ⁸)
806 3293 888 3359 serio
914 3294 944 3359 ei
970 3293 1152 3374 profitetur:
1191 3293 1303 3372 „rebus
1324 3294 1402 3358 chri-

355 3452 377 3500 1i
396 3449 443 3502 Er.
463 3465 524 3517 epp.
543 3465 568 3517 p.
589 3451 667 3506 1891.

354 3519 377 3587 ²)
395 3520 485 3586 Epist.
504 3519 539 3574 ad
557 3520 610 3574 Jul.
630 3519 711 3590 Pdug
729 3519 772 3575 ed.
791 3521 890 3576 Miiller
908 3520 1018 3588 Lipsiae
1040 3523 1108 3574 1802
1127 3537 1153 3588 p.
1174 3523 1230 3575 141.

359 3593 380 3658 3)
398 3589 458 3643 Eu:
484 3589 525 3645 De
543 3590 685 3645 sarcienda
703 3591 799 3648 eccles.
818 3608 893 3648 conc.
912 3590 929 3648 l.
948 3607 971 3646 c.
990 3607 1016 3660 p.
1037 3593 1094 3648 112.

358 3662 379 3730 ⁴)
398 3659 514 3743 Querela
541 3662 615 3743 pacis
641 3662 657 3714 1.
682 3677 704 3716 c.
728 3661 775 3744 fol.
796 3660 836 3744 ‘0⁸
858 3660 974 3715 Galliam
1001 3663 1148 3730 praecipue
1177 3661 1297 3730 deamat,
1324 3661 1402 3729 cujus

244 3731 737 3882 regumboffilrlrltlhzsrusslsirffigfofflrt
755 3731 894 3869 (ιξῖιιῗοιῖιῖ
907 3731 1062 3856 &mdes
1090 3801 1199 3882 linguae
1229 3801 1402 3870 germanicae

247 3873 352 3956 labores
373 3870 464 3925 dicens
483 3879 571 3953 patris
590 3872 704 3926 Lutheri
727 3873 837 3939 negotio
855 3872 1024 3926 metallorum
1043 3887 1185 3940 porrorum
1204 3871 1402 3926 reddendorum

247 3958 272 3996 el
294 3941 773 4080 mmlllnj.&gengurlrffbuzlrelrsggoffi
785 3953 897 4079 sigpprlb
914 3941 1178 4080 ιθὲιῒιιῗίὲὲἓῗιξὲίιέ(
1217 4013 1278 4081 (llp.
1293 4011 1401 4065 Wicelii

246 4081 281 4136 ad
299 4081 347 4134 Er.
368 4085 444 4136 1532.
463 4084 480 4136 8
499 4081 573 4149 Sept.
593 4082 765 4151 spicilegium
784 4082 861 4136 XXX
879 4099 905 4150 p.
924 4081 968 4150 X).

353 4151 374 4220 l)
393 4151 457 4205 ibid.
479 4152 558 4219 „Illae
576 4154 624 4221 (sc.
648 4152 789 4222 haereses)
809 4153 970 4206 subvertunt
996 4153 1103 4221 omnia,
1132 4154 1184 4208 hae
1207 4153 1255 4220 (sc.
1281 4151 1401 4219 scholae)

246 4222 580 4362 conserv8s3tsirbidff3edffit,
598 4240 678 4278 nemo
697 4224 780 4291 igitur
798 4224 892 4294 aptior
907 4223 1056 4290 Palaemon
1075 4230 1126 4278 etc.
