3172 5120
792 231 832 290 22

235 403 338 468 trinae
361 403 500 468 studium
523 403 648 484 utrique
672 420 834 468 1111111111
857 403 1061 484 persistebat,
1094 404 1262 483 praecipue
1291 421 1331 466 ea
1359 421 1394 467 re

235 509 345 556 eorum
368 491 473 555 studia
489 491 646 573 disjuncta
661 498 763 568 erant,
786 491 871 570 quod
890 507 953 554 non
968 490 1079 554 eodem
1095 491 1186 556 modo
1202 489 1285 556 hunc
1300 487 1395 554 finem
1414 544 1421 564 ,

234 579 517 660 prosequebantur.
578 577 684 654 Quare
719 579 871 643 Erasmus
905 578 1142 643 commiseratus
1177 586 1227 642 est
1260 577 1394 642 Lutheri

235 667 409 744 fortunam;
426 667 449 747 1)
473 684 570 748 quare
587 665 686 731 doluit
702 683 783 744 eum,
807 665 892 746 qued
906 665 959 730 1111
974 665 1072 729 verba
1087 666 1128 729 ad
1147 666 1394 732 moderationem

236 755 395 819 raonentia
418 773 480 818 non
504 759 631 819 secutus
655 761 756 833 esset;
772 755 797 835 a)
821 772 919 834 quare
943 772 978 818 eo
1002 753 1105 817 minus
1122 754 1332 833 desiderabat,
1358 762 1395 817 ut

235 841 367 906 Lutheri
391 841 565 906 adversarii
596 841 689 923 plane
724 843 792 923 ejus
826 842 932 905 studia
962 841 1180 919 demutarent,
1216 860 1312 922 quum
1336 840 1395 906 hae

236 929 325 994 elade
349 935 444 994 etiam
468 947 527 994 sua
550 928 656 994 studia
679 929 950 1010 periclitarentur,
983 947 1077 1010 quum
1101 929 1240 994 Luthero
1265 949 1284 993 1
1307 928 1394 994 scho-

236 1018 357 1082 lasticis
380 1019 464 1082 victo
488 1019 583 1082 etiam
607 1017 709 1081 bonae
732 1017 844 1081 literae
860 1017 1062 1081 vincerentur
1086 1022 1181 1097 atque
1205 1034 1278 1099 spes
1302 1019 1394 1081 resti-

236 1106 374 1170 tuendae
396 1106 531 1186 purioris
551 1105 729 1186 theologiae
745 1105 869 1169 omnino
885 1104 1055 1172 deleretur.
1100 1104 1291 1168 Persuasum
1312 1106 1395 1168 enim

236 1195 369 1258 Erasmo
394 1201 478 1272 erat,
515 1194 681 1274 praecipue
713 1193 866 1257 bonarum
894 1192 1058 1257 literarum
1090 1193 1160 1256 odio
1190 1193 1231 1256 ad
1255 1192 1339 1256 hune
1362 1194 1394 1257 in

235 1281 450 1346 Lutheranam
473 1280 641 1346 factionem
665 1281 819 1347 directum
842 1279 980 1345 furorem
1004 1280 1166 1361 theologos
1190 1281 1394 1346 exacerbatos

237 1387 316 1445 esse,
341 1387 455 1450 eosque
480 1369 623 1432 ornnibus
646 1370 763 1432 viribus
789 1370 872 1432 eniti.
895 1375 931 1432 ut
954 1369 1114 1450 oppressis
1138 1369 1187 1432 his
1214 1369 1315 1432 literis
1337 1369 1395 1432 im·

236 1476 320 1538 pune
332 1463 507 1538 regnarent
532 1474 601 1521 cum
625 1475 682 1520 sua
705 1457 890 1532 barbarian
927 1458 1038 1537 ltaque
1060 1475 1162 1536 neque
1179 1457 1271 1520 minis
1295 1474 1394 1537 neque

236 1544 502 1627 adulationibus4)
519 1544 558 1608 ad
581 1544 799 1625 theologorum
823 1546 1013 1609 consortium
1039 1543 1280 1626 perducebatur,
1296 1545 1394 1626 aqui·

236 1632 295 1696 bus
311 1632 479 1712 praecipue
495 1630 637 1696 effectum
654 1650 723 1696 1111
739 1630 953 1712 profitebatur,
978 1640 1013 1695 nt
1032 1650 1138 1712 pugna
1158 1636 1224 1696 tam
1245 1633 1395 1696 iracunde
1463 1661 1465 1668 v

236 1725 410 1802 gereretur,
424 1722 453 1798 5)
477 1727 513 1783 11
536 1719 675 1785 Lntbaro
706 1727 753 1785 tot
775 1721 916 1786 homines
948 1738 981 1784 11
1011 1720 1213 1798 addixissent,
1230 1724 1254 1800 ⁶)
1287 1728 1323 1783 ut
1346 1737 1395 1784 ec·

237 1808 352 1872 clasiae
369 1808 588 1872 auctoritatem
606 1805 808 1871 defendentes
821 1815 945 1873 tantum
960 1809 1157 1872 auctoritatis
1174 1807 1394 1888 perdidissent.

237 1893 354 1960 Eorum
379 1895 503 1974 prolata
520 1897 751 1975 argumentatio
773 1897 801 1958 11
823 1895 965 1974 ridicula,
991 1913 1099 1960 eorum
1116 1895 1158 1959 ad
1175 1895 1395 1977 opprimendos

237 1982 436 2048 adversarios
459 1983 601 2048 adhibita
623 1983 763 2047 remedia
787 1983 816 2046 11
839 1982 1037 2048 111111111111
1061 2001 1131 2048 1111
1154 1984 1352 2049 videbantur.
1369 1987 1393 2060 ⁷)

237 2069 372 2134 Omnino
396 2070 457 2134 alio
481 2071 573 2136 modo
596 2071 672 2152 ipse,
698 2081 733 2136 ut
758 2073 998 2152 consopirentur
1021 2073 1115 2150 rixae,
1140 2073 1320 2154 appetebat.

237 2195 446 2204 μ...-

237 2261 308 2312 quae
335 2244 415 2300 docet
439 2246 606 2303 Lutherus.“
629 2242 774 2300 'Diversas
801 2247 952 2300 sententias
978 2244 1097 2300 habebat
1121 2253 1239 2313 uterque
1264 2247 1397 2314 imprimis

238 2313 271 2368 de
289 2314 342 2369 fide
361 2324 444 2384 atque
463 2318 541 2371 bonis
555 2317 692 2385 operibus.
720 2317 859 2370 Lutherus
879 2318 948 2371 enim
961 2317 1077 2372 debebat
1095 2326 1205 2383 putare,
1223 2317 1295 2371 bona
1313 2333 1397 2384 opera

236 2385 303 2438 nihil
324 2387 450 2439 utilitatis
471 2386 583 2454 afferre,
610 2388 674 2454 quia
693 2387 846 2454 opinionem
873 2387 905 2441 de
921 2386 1122 2454 justificatione
1146 2387 1205 2441 sola
1226 2386 1279 2441 fide
1298 2385 1397 2442 effecta

238 2456 373 2510 servabat.
410 2457 525 2511 Dicente
544 2458 626 2525 igitur
645 2458 729 2511 Paulo
757 2459 894 2525 apostolo,
920 2458 1058 2525 justitiam
1083 2474 1137 2510 non
1166 2456 1238 2512 effici
1266 2459 1396 2526 operibns

236 2525 318 2593 legis,
338 2525 470 2580 Erasmus
490 2536 567 2582 certo
593 2528 661 2582 haec
680 2543 766 2594 opera
788 2528 1004 2582 observationem
1023 2536 1234 2595 praeceptorum
1253 2529 1395 2583 111111111-

237 2595 317 2649 alium
336 2597 478 2661 intellexit,
497 2598 637 2652 Lutherus
649 2605 742 2652 autem
755 2597 823 2652 haee
835 2597 918 2652 verba
938 2596 1027 2652 refert
1045 2597 1081 2651 ad
1094 2599 1299 2653 exsecutionem
1318 2615 1396 2666 prae·

237 2674 378 2735 ceptorum
397 2669 552 2736 moralium,
575 2667 611 2723 ad
629 2668 851 2722 observationem
870 2668 993 2736 decalogi
1013 2669 1108 2736 legum.
1147 2669 1238 2736 Quare
1256 2669 1396 2724 Lutherus

233 2736 292 2804 jam
311 2753 335 2790 a.
357 2740 424 2792 1516
443 2739 584 2806 vituperat
602 2737 748 2792 Erasmum
768 2753 980 2793 commemorans
1004 2739 1075 2792 hane
1094 2739 1154 2807 ejus
1174 2740 1395 2806 explicationem.

238 2809 289 2872 (De
307 2807 402 2862 Wette
421 2809 437 2861 l.
458 2825 480 2862 c.
499 2811 550 2862 vol.
571 2811 583 2862 1
603 2825 663 2876 epp.
682 2809 748 2863 Nro.
767 2813 814 2875 223
833 2810 974 2862 Lutherus
991 2809 1019 2862 in
1038 2808 1089 2863 hac
1107 2811 1224 2877 epistola
1250 2809 1397 2864 Erasmum

237 2878 387 2946 vituperat:
413 2879 504 2946 „quod
523 2880 551 2934 iu
574 2879 700 2948 apostolo
718 2879 927 2946 interpretando
944 2879 1082 2946 justitiam
1101 2880 1169 2948 legis
1190 2896 1238 2934 sen
1256 2881 1397 2948 propriam

238 2946 289 3018 [ita
307 2949 379 3004 enim
397 2951 515 3088 appellat
532 2948 687 3019 apostolus]
713 2950 840 3016 intelligit
857 2950 1046 3004 cerimoniales
1072 2950 1132 3004 illas
1153 2958 1181 3004 et
1201 2950 1331 3018 figurales
1351 2952 1396 3005 ob-

237 3020 402 3074 1111111111ί
424 3064 430 3076 .

346 3089 365 3156 ¹)
384 3089 431 3144 Er.
452 3106 512 3158 epp.
532 3106 558 3157 p.
578 3092 673 3146 5711.
695 3093 774 3144 1520:
813 3090 903 3157 „Male
923 3098 1016 3146 metuo
1034 3091 1134 3144 misero
1154 3091 1304 3146 Luthero.“

344 3159 863 3227 111111.,1111111111111111111111
887 3168 995 3215 secutus
1021 3160 1154 3228 judicium
1178 3162 1213 3215 ab
1237 3161 1338 3216 odiosis
1365 3179 1397 3216 ae

238 3229 374 3284 seditiosis
393 3230 599 3285 abstinuisset.“

345 3301 368 3366 ³)
388 3299 434 3352 Ε1.
454 3317 515 3368 epp.
534 3316 560 3368 p.
580 3302 639 3353 577.

345 3372 366 3438 ⁴)
385 3370 449 3424 ibid.
468 3387 493 3437 p.
516 3372 596 3424 1698:
627 3369 782 3437 „Aleauder
797 3411 802 3423 .
818 3411 843 3424 ..
864 3385 906 3425 me
920 3370 1046 3426 coloniae
1066 3373 1265 3440 impensissime
1284 3372 1396 3440 rogabat

237 3437 272 3564 gd
284 3439 435 3560 plrandi'um,
455 3456 571 3508 egoque
585 3440 671 3508 magis
690 3440 821 3509 instabat,
840 3441 892 3495 hoe
906 3443 1073 3508 pertinacius
1087 3443 1240 3496 exctrsaui.“
1261 3441 1295 3495 cf.
1315 3442 1397 3496 etiam

259 3509 295 3562 111
316 3516 360 3562 art
390 3527 438 3566 .e.
457 3527 483 3577 p.
503 3513 562 3564 333.

345 3579 366 3646 ⁵)
385 3597 410 3634 a.
435 3582 503 3634 1119
532 3581 606 3648 apud
625 3581 795 3650 Moguntiaei
814 3581 975 3649 archiepisc.
1003 3589 1097 3636 tuetur
1120 3583 1273 3637 Lutherum
1302 3590 1398 3636 contra

238 3650 390 3717 theologos,
410 3651 457 3718 qui
477 3667 542 3716 „nec
561 3651 707 3705 admonent
724 3668 773 3705 nec
792 3651 891 3705 docent
914 3653 1078 3718 Lutherum,
1098 3659 1209 3706 tantum¹
1222 3653 1324 3707 insanis
1345 3654 1397 3708 cla·

237 3720 358 3773 moribus
376 3720 449 3787 apud
468 3723 596 3790 populum
614 3721 764 3776 traducunt
781 3722 919 3776 hominem
939 3730 967 3775 et
985 3723 1204 3776 virulentissimis
1223 3724 1397 3778 obtrectatio·

237 3791 317 3926 &bus
344 3791 463 3914 1111111151
486 3791 551 3846 nihil
576 3792 706 3846 habentes
731 3793 759 3845 in
787 3807 835 3846 ore
853 3799 964 3859 praeter
988 3792 1133 3860 haeresos,
1152 3793 1322 3848 haerefieos“
1346 3801 1397 3848 ete.

266 3861 295 3914 ’1.
315 3876 375 3928 epp.
394 3877 419 3928 p.
460 3865 509 3928 14).

345 3931 367 3999 ⁶)
386 3931 432 3984 Er.
453 3948 513 3999 epp.
533 3949 559 4000 p.
579 3935 630 3985 747
649 3933 702 4001 ipsi
721 3949 809 4000 papae
827 3949 852 3989 a.
876 3933 940 3984 1523
960 3932 1069 3986 scribit:
1090 3939 1136 3999 „at
1154 3933 1200 3986 isti
1219 3933 1344 3988 Atlantes
1364 3950 1398 3988 ex

238 3999 400 4054 orthodoxis
420 4002 524 4056 1111111
538 4003 715 4057 11111111111.“
752 4003 877 4068 Quantus
896 4001 980 4056 fuerit
994 4003 1107 4057 Lutheri
1120 4012 1289 4058 sectatorum
1307 4020 1398 4058 nume·

237 4085 285 4123 rus
304 4071 412 4125 minime
430 4073 550 4140 ignorat:
590 4073 693 4140 „Nemo
719 4073 827 4136 credat,
858 4087 938 4138 quam
963 4073 1014 4126 late
1034 4074 1170 4128 Lutherus
1200 4075 1345 4142 irrepserit
1369 4076 1398 4128 in

238 4141 342 4195 animos
360 4143 508 4195 multarum
527 4145 646 4210 gentium
666 4151 692 4198 11
710 4159 791 4210 quam
818 4143 873 4198 alte
906 4141 1040 4197 insederit
1067 4145 1139 4198 omni
1162 4145 1259 4212 lingua
1278 4160 1398 4212 quaqua-

238 4211 363 4268 versus.“
399 4211 458 4280 (Er.
478 4228 540 4281 epp.
559 4230 585 4280 p.
605 4216 716 4270 16961.
737 4217 822 4280 1521).

346 4281 367 4350 ⁷)
386 4281 435 4337 Er.
455 4298 515 4350 epp.
534 4301 561 4351 p.
582 4286 665 4338 1695:
686 4284 747 4351 „hic
766 4292 841 4338 certe
860 4298 938 4337 nemo
952 4284 1038 4350 magis
1058 4283 1146 4338 officit
1165 4282 1322 4350 pontificiae
1342 4285 1398 4352 dig·
