3172 5120
744 205 780 262 17

180 393 262 454 quae
286 372 441 452 facerent,
470 391 509 438 ea
532 372 722 438 christianae
751 373 935 438 concordiae
967 373 1124 439 obessent.
1171 372 1341 439 Profitetur

180 461 345 542 theologos
369 461 472 526 causis
496 460 667 526 christiano
699 461 836 543 indignis
859 460 899 524 ad
930 462 1132 544 pugnandum
1156 461 1339 543 permoveri,

181 567 245 614 non
268 549 424 614 exanimo
449 547 629 626 christiano,
648 548 705 613 scd
728 567 766 612 ex
789 548 902 630 spiritu
925 548 1033 613 mundi
1051 550 1206 634 profluere
1231 567 1339 613 eorum

181 639 407 719 persecutionis
431 636 579 714 studium,
593 641 616 716 1)
640 654 742 716 neque
759 636 856 700 alium
878 635 950 700 huic
974 654 1042 700 esse
1059 636 1161 716 tinem,
1186 655 1278 718 quam
1303 641 1338 700 ut

180 724 328 807 neglecta
361 724 525 790 christiani
559 724 667 804 populi
702 724 867 790 concordia
901 724 1068 804 superbiae
1099 725 1182 788 viam
1216 729 1339 805 parent,

180 813 275 878 immo
299 821 430 893 propter
453 830 522 876 eam
545 811 645 877 solam
661 831 788 876 causam
812 812 853 876 ab
875 811 913 876 iis
936 811 1078 877 adhiberi
1093 812 1337 893 Pepricorneum

180 902 372 979 ministrum,
402 905 438 965 ut
467 898 655 964 discordiam
688 900 851 964 seminent.
867 903 891 974 ²)
942 900 1013 964 Etsi
1045 905 1150 964 autem
1181 897 1340 963 interdum

180 991 229 1054 ira
251 987 401 1053 interiore
427 991 600 1052 commotus
624 985 824 1052 Colonienses
848 987 1010 1067 theologos
1038 985 1225 1069 π10110013)
1253 1005 1340 1067 ,per-

181 1081 310 1143 sonatos
343 1074 503 1157 religionis
536 1079 726 1153 eversores,“
742 1077 768 1152 4)
802 1075 971 1157 „populum
1004 1076 1210 1140 crabronum“
1228 1075 1254 1158 ⁵)
1286 1093 1340 1158 ap·

181 1164 288 1246 pellat,
305 1164 367 1228 etsi
381 1165 414 1228 in
430 1162 675 1244 Pepricorneum
695 1163 884 1241 „tubicinem
899 1162 1069 1246 furiarjum“
1079 1165 1106 1246 6)
1122 1162 1341 1227 acerbissimas

182 1252 324 1332 congerit
357 1252 620 1331 vituperationes,
653 1251 843 1316 contendens
874 1269 945 1315 eum
975 1250 1076 1316 solum
1106 1268 1143 1314 ea
1173 1249 1211 1314 dc
1245 1267 1342 1315 causa

181 1339 375 1404 christianae
397 1339 540 1419 religioni
562 1356 632 1402 sese
657 1339 822 1419 addixisse,
853 1343 889 1403 nt
912 1339 1119 1402 christianam
1143 1338 1340 1403 concordiam

180 1431 352 1507 rumperet,
368 1426 576 1508 imperatoris,
594 1427 732 1492 civitatis
748 1423 951 1506 Coloniensis,
970 1427 1186 1508 episcoporum
1203 1423 1338 1490 officium

182 1533 251 1580 esse
274 1515 454 1593 declarans,
483 1519 537 1592 „ut
560 1514 653 1578 istam
678 1514 809 1596 hydram
833 1515 1030 1596 intempore
1053 1517 1213 1590 exurant‚“
1232 1518 1255 1591 7)
1280 1513 1341 1580 0101

182 1603 317 1684 denique
347 1603 456 1666 amicis
480 1602 571 1680 dicit,
605 1602 804 1668 adversarios
828 1601 953 1668 viliores
976 1619 1059 1681 esse,
1092 1619 1186 1683 quam
1210 1606 1245 1665 ut
1270 1619 1340 1664 cum

180 1690 243 1756 iliis
267 1690 490 1772 digladientur,
501 1691 527 1772 8)
551 1696 692 1754 attamen
716 1708 755 1754 ex
777 1691 853 1773 ipsis
865 1690 978 1772 jurgiis
1002 1695 1035 1754 et
1056 1688 1341 1771 vituperationibus

181 1778 295 1858 elucet,
330 1779 427 1842 etiam
457 1777 571 1842 harum
594 1779 829 1844 accusationum
864 1779 1009 1843 acumina
1038 1795 1188 1842 conversa
1215 1795 1285 1842 esse
1307 1777 1339 1840 in

182 1865 413 1932 coloniensium
430 1867 566 1931 animum
584 1865 767 1932 concordiae
786 1871 958 1932 nocentem.
991 1865 1104 1930 Educet
1119 1865 1225 1948 igitur,
1243 1864 1341 1929 Eras-

181 1972 267 2018 mum
290 1954 375 2034 apud
402 1953 635 2018 Reuchlinistas
663 1971 758 2034 quam
792 1954 924 2018 manime
948 1955 1017 2036 paci
1053 1954 1212 2018 studuisse
1244 1957 1340 2032 atque

182 2047 294 2123 aperte
315 2041 387 2106 illos
410 2041 613 2106 adhortatum
636 2058 719 2119 esse,
748 2047 783 2106 ut
805 2061 824 2106 a
847 2059 955 2123 pugna
985 2059 1019 2106 se
1041 2046 1221 2106 averterent
1244 2047 1341 2120 atque

182 2129 374 2193 adversariis
408 2129 568 2210 pugnandi
597 2145 724 2193 causam
754 2127 924 2194 auferrent.
955 2165 993 2174 —
1030 2127 1076 2192 Ne
1110 2132 1217 2192 autem
1249 2126 1340 2192 0010-

180 2217 306 2282 nienses
330 2217 410 2281 laesi
432 2213 664 2296 offensionibus,
694 2234 775 2296 quae
798 2217 884 2281 hisce
907 2215 1179 2280 adhortationibus
1203 2213 1340 2280 contine·

181 2305 310 2384 bantur,
346 2323 381 2368 se
411 2305 513 2386 ipsum
546 2303 803 2386 aggrederentur,
837 2322 915 2368 neve
946 2303 1069 2368 rixandi
1098 2301 1210 2384 cupido
1245 2302 1339 2367 etiam

181 2398 377 2457 accresceret
392 2408 569 2474 pugnaque,
593 2409 686 2472 quam
710 2391 845 2472 sopitam
860 2390 996 2470 volebat,
1020 2393 1122 2472 magis
1139 2388 1341 2455 011010011οῑ-

180 2486 337 2557 vesceret,
372 2480 449 2544 talia
469 2479 590 2561 judicia
621 2497 691 2544 cum
715 2478 966 2543 familiarissimis
997 2482 1120 2543 tantum
1145 2497 1182 2542 ac
1207 2477 1340 2542 maxime

181 2568 348 2633 taciturnis
373 2568 481 2632 amicis
505 2567 757 2633 communicabat
780 2573 812 2630 et
835 2566 920 2647 apud
942 2565 1000 2630 hos
1024 2567 1118 2631 etiarn
1143 2565 1341 2630 adversarios

181 2656 214 2719 in
236 2657 418 2720 universum
441 2655 542 2720 solum
563 2655 701 2736 petebat,
749 2654 916 2736 Nunquam
940 2653 1079 2734 singulos
1101 2671 1269 2736 aggressus
1293 2658 1342 2717 est

182 2749 311 2826 excepto
335 2761 396 2808 uno
410 2742 629 2824 Pepricomeo,
645 2760 739 2823 quem
761 2743 863 2808 minus
879 2741 1089 2824 periculosum
1112 2759 1180 2806 esse
1195 2740 1340 2822 putabat,

181 2849 276 2913 quum
310 2831 338 2895 01
365 2830 520 2896 Judaismi
548 2829 673 2896 macula
696 2830 748 2895 1110
776 2836 917 2911 tempore
940 2830 1074 2893 manime
1102 2830 1251 2910 despecta
1284 2828 1341 2892 ad-

182 2917 335 2995 haereret,
358 2935 517 3000 quumque
541 2936 611 2983 cum
634 2917 856 2996 Dominicanis
888 2934 966 2998 quos
989 2915 1141 2982 Erasmus
1164 2917 1340 2998 timebat‚⁹)

181 3025 244 3071 non
277 3006 397 3070 directo
433 3009 518 3070 esset
556 3005 750 3084 conjunctus.
808 3004 913 3083 Quare
947 3006 1045 3069 etiam
1081 3005 1179 3070 multo
1214 3004 1340 3070 cautius

184 3094 313 3175 agebat,
347 3094 375 3157 si
408 3093 493 3176 apud
524 3090 726 3158 Colonienscs
754 3093 839 3173 ipsos
873 3092 1069 3173 loquebatur.
1124 3091 1343 3172 Cognoscebat
1410 3149 1411 3152 ,

182 3181 293 3246 inutile
327 3179 394 3246 fore
418 3181 460 3249 ad
494 3180 785 3262 interrumpendam
816 3199 957 3263 pugnam
988 3197 1042 3245 000
1072 3179 1247 3257 adhortari,
1281 3178 1341 3242 nisi

183 3287 278 3349 quam
308 3269 443 3332 maxima
466 3267 598 3333 lenitate
630 3285 683 3333 eos
706 3273 871 3333 tractaret.
922 3268 1032 3348 Itaque
1062 3267 1212 3347 imprimis
1235 3265 1341 3332 Hoch-

184 3362 284 3420 strato
318 3355 455 3420 animum
489 3355 676 3437 praestabat
710 3355 880 3436 modicum,
915 3355 1113 3435 clementem,
1147 3355 1240 3420 immo
1274 3361 1342 3420 tam

292 3618 395 3756 110
413 3634 439 3686 ..
460 3619 536 3742 00
592 3713 595 3718 .

292 3758 314 3863 ἰ)
333 3704 514 3882 lgrdegpssp6
530 3729 606 3811 1641).

293 3829 314 3966 ⁶3
332 3845 397 3956 ibid.
415 3845 443 3966 g
461 3833 522 3951 2118Ι
531 3904 614 3964 atque
633 3897 737 3954 illustr.
755 3897 805 3950 vir.
824 3912 886 3965 epp.
905 3896 922 3953 1.
942 3912 965 3952 c.
983 3895 1010 3950 11
1029 3893 1159 3965 Sfl-ffl.

293 3969 313 4036 8)
333 3969 439 4022 Erasmi
457 3984 517 4036 epp.
536 3983 563 4034 p.
585 3969 660 4022 1640.

293 4037 315 4247 ⁷}
334 4037 397 4092 ibid.
415 4054 442 4105 p.
462 4040 515 4092 269
535 4045 607 4104 etp.
629 4039 704 4090 1641.

293 4110 303 4144 ⁸
333 4107 398 4162 rbrd.
418 4125 444 4176 p.
464 4109 515 4162 268
534 4113 607 4174 etp.
629 4108 705 4164 1641.

292 4180 303 4213 ⁹
334 4175 1343 4246 1100000160,0000000100100001,ου100000010100010
1435 4247 1440 4257 .

185 4247 392 4316 100111301010111ί

1239 4349 1255 4402 2

368 4525 375 4562 t

18 4825 1454 5078 —“⁴“{
