3172 5120
728 195 768 258 33

172 371 268 435 etiam
290 369 393 451 magis
425 368 508 434 oculi
530 369 680 446 omnium,
715 367 768 449 qui
797 368 868 448 paci
896 366 1074 446 studebant,
1103 366 1136 432 in
1158 365 1327 432 Erasmurn

171 459 313 523 conversi
341 461 425 522 sunt.
441 457 466 538 1)
517 455 595 520 Nam
620 455 724 529 ,etiam
751 455 882 520 mortuis
909 454 1138 537 Wimplelingo,
1172 455 1324 532 Matiane,

172 546 242 610 aliis
265 545 396 612 Erasmo
419 542 504 609 haud
519 542 612 625 pauci
634 543 847 624 persistebant
861 543 954 607 amici
976 547 1082 608 aetate
1104 543 1248 622 minores,
1273 543 1326 625 qui

171 634 204 698 in
227 633 294 713 eius
317 632 405 698 libris
439 633 564 696 Erasmi
586 630 749 696 literarum
777 631 936 695 scientiam
962 630 1198 695 admirabantur
1230 636 1327 711 atque

172 721 279 786 studia
303 721 369 802 ejus
393 718 571 801 theologica
593 719 850 800 sequebantur.²)
896 719 983 782 Inter
1012 735 1090 798 quos
1113 723 1248 782 naturae
1271 718 1327 783 do·

172 809 258 874 tibus
281 817 312 872 et
344 809 448 872 studio
472 807 615 872 elucebat
644 803 796 888 Pfiugius,
829 811 895 871 tum
925 807 958 869 in
990 805 1063 870 aula
1086 805 1215 885 Georgii
1238 806 1326 871 ducis

172 898 290 964 vivens,
337 895 397 978 Hic
419 895 544 977 qvndern
563 894 695 976 juvenili
717 894 829 959 ardore
856 912 883 960 a.
912 897 992 958 1531
1019 895 1058 960 ab
1081 893 1212 957 Erasmo
1237 890 1329 975 flagi-

172 986 261 1063 tavit,
279 991 314 1048 ut
337 1002 408 1048 enm
423 982 665 1048 Melanchthone
681 982 996 1062 actionesinciperet‚
1020 985 1056 1045 ut
1071 981 1169 1061 ipsius
1192 982 1325 1045 nominis

172 1072 281 1136 valore
303 1076 398 1152 atque
420 1071 576 1152 utrimque
598 1069 688 1136 factis
712 1070 963 1151 concessionibus
985 1088 1046 1149 pan
1067 1073 1281 1150 repararetur.
1295 1067 1324 1152 3)

261 1159 325 1224 Sed
346 1159 496 1223 Erasmus
521 1175 627 1231 ornnes
651 1157 753 1222 adhuc
776 1159 814 1222 de
835 1175 914 1239 pace
937 1157 1076 1222 actiones
1098 1159 1206 1221 inanes
1230 1155 1327 1222 luisse

172 1263 274 1328 neque
298 1265 355 1312 sua
377 1246 516 1310 remedia
539 1245 679 1310 adhibita
703 1263 771 1310 esse
794 1250 998 1326 cognoverat,
1028 1250 1199 1308 evanuerat
1222 1245 1326 1323 timor,

173 1353 213 1398 ne
238 1333 400 1399 catholicis
423 1334 568 1398 celeriter
590 1333 760 1398 succedere
781 1339 889 1415 posset
910 1331 1109 1397 Lutheranos
1133 1331 1325 1414 depugnare,

174 1422 230 1486 sed
262 1423 372 1486 itidem
406 1426 578 1486 evanuerat
612 1439 683 1502 spes
717 1439 788 1486 mor
821 1419 1051 1502 infigendarum
1085 1421 1327 1500 persuasionum

146 1527 301 1575 snamm
331 1509 515 1574 ardentibus
550 1515 581 1574 et
603 1510 651 1573 ira
678 1508 854 1575 obscuratis
886 1509 1005 1574 animis,
1057 1507 1163 1585 Quare
1194 1507 1328 1590 amplius

173 1598 299 1679 negotio
322 1598 431 1662 adesse
455 1616 526 1661 eum
549 1601 725 1679 pertaesum
748 1601 804 1664 est.

260 1685 308 1750 Ita
331 1687 469 1750 sentiens
492 1683 612 1766 Pflugio
634 1684 806 1766 respondit,
837 1703 872 1749 se
894 1689 1009 1764 aetate,
1041 1683 1252 1764 aegritudine,
1279 1683 1329 1746 in·

175 1773 396 1838 sectationibus
429 1771 581 1838 delectum
605 1773 710 1854 quiete
739 1774 836 1837 vitam
858 1770 947 1837 finire
978 1773 1011 1836 in
1034 1773 1137 1836 animo
1160 1771 1288 1850 habere,
1301 1774 1327 1846 4)

176 1859 354 1941 malumque
387 1866 456 1930 tum
490 1861 615 1924 demum
650 1859 831 1926 sanabilius
844 1859 919 1940 fore,
956 1861 1000 1939 „si
1032 1860 1198 1939 utriusque
1228 1863 1329 1923 status

176 1948 363 2013 monarchae
386 1949 515 2013 sinceris
537 1949 649 2012 animis
678 1947 890 2013 consentirent
914 1948 954 2012 ad
976 1947 1214 2012 instaurandam
1237 1964 1329 2011 evan-

176 2034 308 2114 gelicam
329 2037 509 2116 pietatem.“
547 2036 637 2114 Quod
654 2038 681 2100 si
703 2037 868 2115 evenisset,
900 2042 985 2114 „tum
1013 2053 1063 2100 res
1079 2035 1330 2099 committeretur

177 2126 302 2207 centurn
336 2129 392 2188 aut
425 2125 651 2206 quinquaginta
682 2125 776 2189 viris“
809 2177 816 2190 .
845 2173 852 2186 .
882 2173 889 2188 .
924 2123 1052 2204 „horum
1086 2119 1238 2202 suflragia
1273 2139 1330 2202 per

176 2211 339 2292 pauciores
363 2211 481 2276 electos
503 2213 722 2293 redigerentur
750 2212 782 2274 in
806 2211 1034 2292 compendium.
1080 2208 1330 2274 constitutiones

176 2298 329 2378 quaedam
347 2299 583 2380 abrogarentur,
600 2299 754 2379 quaedam
769 2305 967 2363 verterentur
981 2299 1014 2362 in
1030 2298 1293 2363 exhor·tationes.“
1303 2297 1329 2375 ⁵)

177 2383 240 2449 Sed
262 2387 400 2468 apertius
424 2386 566 2466 videbat,
598 2405 692 2466 quarn
714 2387 807 2467 longe
838 2386 978 2451 homines
1001 2387 1095 2450 etiam
1118 2385 1265 2449 abessent
1290 2384 1329 2448 ab

176 2470 229 2537 illo
254 2491 346 2553 scopo
370 2473 569 2555 evangelicae
592 2475 726 2554 pietatis,
752 2474 793 2538 ad
808 2491 901 2554 quem
922 2475 990 2555 ipse
1013 2473 1163 2556 populum
1186 2472 1329 2536 christia-

176 2578 251 2624 num
274 2562 446 2642 perducere
478 2562 629 2641 voluerat,
661 2569 756 2643 atque
780 2561 943 2626 declarans
977 2579 1087 2642 pacem
1118 2560 1245 2624 restitui
1266 2577 1330 2623 non

177 2665 279 2729 posse,
302 2649 362 2712 nisi
385 2655 479 2714 antea
501 2649 642 2716 homines
672 2649 759 2714 illurn
780 2651 917 2714 assecuti
939 2654 1058 2729 essent,
1090 2647 1330 2730 persuasionem

178 2735 238 2799 sibi
272 2738 446 2817 statuebat,
482 2737 584 2802 solum
617 2737 777 2802 hominum
806 2737 924 2802 viribus
955 2736 995 2800 ad
1027 2737 1144 2801 exitum
1174 2735 1330 2816 perveniri

178 2841 241 2888 non
264 2841 365 2905 posse.

264 2911 375 2992 Itaque
397 2913 513 2976 itemm
543 2917 637 2993 atque
666 2914 782 2977 iterum
805 2911 1000 2991 declarabat,
1031 2911 1167 2976 humana
1190 2909 1331 2976 remedia

177 3003 211 3062 et
232 3003 317 3064 artes
346 2998 424 3064 nihil
442 2997 584 3080 efficere,
620 3001 680 3065 nisi
712 3001 789 3065 deus
819 3004 914 3064 antea
936 3001 1158 3082 episcoporum
1190 3005 1222 3064 et
1245 3000 1330 3080 prin·

178 3086 280 3168 cipum
310 3087 434 3151 animos
456 3087 570 3167 spiritu
601 3105 672 3152 vere
697 3088 867 3153 christiano
898 3085 1031 3166 afflaret,
1047 3088 1072 3169 6)
1109 3088 1215 3152 omnia
1244 3087 1330 3166 pacis

177 3174 284 3239 studia
305 3193 395 3254 vana,
410 3174 584 3256 periculum
606 3176 806 3240 immutatum
822 3193 889 3240 esse
913 3175 1048 3240 exitialis
1071 3174 1186 3257 belliff)
1223 3173 1329 3239 decta-

288 3311 308 3380 1)
327 3313 376 3370 Er.
395 3328 455 3381 epp.
474 3329 500 3380 p.
521 3313 742 3383 idertffflugins
754 3315 870 3369 Erasmo
890 3317 922 3367 12
935 3314 1003 3382 Maji
1022 3313 1114 3382 153l):
1136 3314 1184 3383 „In
1201 3320 1230 3368 te
1249 3328 1332 3366 unum

180 3383 304 3448 omnium,
324 3384 370 3450 qui
388 3399 484 3465 pacem
506 3392 656 3454 expetunt,
684 3386 756 3440 oculi
776 3391 840 3438 sunt
859 3384 1001 3452 conjecti.“
1282 3452 1288 3463 ·

234 3521 239 3533 ι
287 3451 375 3534 31111.
394 3469 455 3521 epp.
473 3455 552 3508 ibid:
580 3472 656 3523 ,curn
680 3471 730 3538 nos
747 3455 783 3510 ad
800 3456 933 3537 pietatem
956 3462 982 3508 et
1000 3454 1035 3536 ad
1058 3455 1149 3509 studia
1175 3452 1329 3508 exeitarrs.“

180 3549 214 3558 -
232 3538 261 3575 m
278 3539 434 3605 umversum
451 3539 598 3592 permagna
615 3531 774 3593 perstiterat
784 3525 894 3590 Erasnn
912 3531 1061 3580 auctorrtas
1084 3526 1192 3591 lateque
1212 3522 1331 3576 valebat:

179 3607 204 3645 a.
223 3593 291 3672 1b33
319 3593 467 3676 Grofficrus
495 3594 615 3649 Polonus
644 3596 762 3650 Erasmo
785 3596 896 3649 scribit:
931 3595 1005 3663 „Ego
1023 3593 1178 3662 aliquando
1205 3592 1332 3674 cupidius

179 3677 319 3785 ωαςιίεὲᾳθ
336 3679 381 3787 {lile
398 3670 475 3747 tuam
500 3665 641 3720 dexteram
666 3681 725 3720 sum
749 3665 928 3784 deosculatus¹
944 3680 1025 3746 quam
1044 3705 1050 3718 .
1070 3709 1076 3722 .
1095 3707 1101 3718 .
1121 3678 1332 3786 sacrosffinmr

153 3817 156 3834 ·
178 3735 1331 3888 pgrssngknlsuonggrnssnicgssepraeffidfigpggaffignsgssprghssggasshoaffslrgscfienfeldela)

180 3887 283 4012 {galrata
296 3874 394 3941 gaudio
406 3882 486 4014 {wig
498 3891 610 3998 amineum
622 3874 1072 4013 Ethelmumkgrffmffivoplplardmm
1084 3875 1155 3930 forte
1167 3875 1329 3944 appulisset,

252 3959 301 3997 110
319 3959 433 4013 accepi.
482 3963 633 4014 preregrum
719 3962 746 4014 p.
846 3975 876 3986 -
985 3990 991 4002 .

287 4013 308 4082 8)
327 4014 375 4070 Er.
394 4031 456 4084 epp.
476 4033 504 4086 p.
524 4020 599 4071 1401.

288 4086 299 4118 ⁴
328 4085 374 4138 Er.
394 4101 454 4154 epp.
472 4102 499 4154 p.
520 4090 586 4141 1410
608 4085 645 4155 (a.
666 4086 752 4156 1531).

287 4157 298 4188 ⁵
328 4155 392 4209 ibin,
662 4153 666 4164 '

286 4225 308 4294 6)
327 4225 375 4283 Er.
392 4242 453 4294 epp.
472 4242 499 4293 p.
519 4229 586 4280 1400
604 4232 631 4280 et
650 4226 774 4281 similiter
793 4242 819 4294 p.
840 4228 907 4281 1396
927 4225 964 4296 (a.
984 4226 1073 4296 1531).

287 4297 307 4364 7)
327 4296 390 4352 ibid.
408 4313 434 4364 p.
454 4300 522 4350 1367
542 4295 579 4367 (a.
599 4299 665 4352 1531
685 4297 824 4365 Egnatio).
1165 4296 1168 4300 ’

63 4671 66 4680 ι

476 4707 479 4716 ι

749 4813 753 4822 ¹
1123 4817 1257 5084 Ι-..
1281 4817 1419 4826 ,..-.-.-.-.-
