3172 5120
784 201 822 256 14

222 367 365 447 quamvis
384 367 431 432 ita
446 367 733 434 Reuchlinistarum
750 386 891 452 pugnare
909 369 1107 450 pergentium
1123 387 1273 434 numerus
1289 365 1394 434 dimi·'

222 459 318 520 nutus
341 460 433 534 esset,
458 475 494 520 eo
518 456 680 522 ardentius
703 457 736 520 hi
759 474 886 538 operam
909 455 1073 532 dederunt,
1097 461 1266 521 utcontra
1289 455 1384 522 Colo·

222 543 346 607 nienses
371 543 489 622 eodem,
515 562 576 624 qno
599 550 701 624 antea,
725 545 817 609 modo
845 544 933 610 libris
956 545 1091 609 satiricis
1115 549 1146 608 et
1169 543 1382 626 apologeticis

223 649 289 695 rem
313 630 565 712 defenderent:¹)
594 629 675 698 Ante
700 651 807 698 omncs
829 631 990 697 Hnttenus
1013 632 1190 709 vehemens
1219 632 1378 714 eloquens,

223 737 346 800 semper
369 719 409 783 ad
432 719 674 802 depugnandum
697 721 861 802 expeditus
884 720 1033 785 orationis
1057 720 1263 785 amaritudine
1287 719 1378 786 Golo-

223 808 346 872 nienses
375 805 514 890 affligere
537 826 600 873 non
631 809 732 874 desiit.
767 845 805 854 -
838 806 886 872 Ex
920 807 1023 872 altera
1056 815 1147 890 parte
1175 805 1380 874 Colonienses

223 894 388 974 gloriosius
411 896 450 959 de
478 913 512 960 se
531 895 704 976 iactantes,
738 896 902 961 iracundia
924 895 1014 984 valde
1043 897 1196 977 permoti,
1228 897 1283 960 sed
1309 903 1384 962 arte

223 983 336 1064 exigua
359 990 393 1047 et
415 1001 564 1049 successu
587 986 682 1049 etiam
705 984 805 1066 magis
828 985 939 1064 exiguo
962 985 1088 1049 vincere
1111 984 1302 1050 studuerunt
1324 984 1379 1049 ad·

222 1071 379 1135 versarios
402 1072 435 1136 in
458 1071 659 1138 dilectissimo
690 1071 977 1137 Reuchlinistarum
1001 1090 1126 1153 campo:
1159 1073 1282 1154 scriptis
1306 1075 1380 1138 sati-

222 1158 346 1241 ricis2)
379 1160 482 1239 Atque
503 1157 625 1227 interea
647 1160 872 1241 Pepricorneus
888 1161 1100 1242 perseveravit
1123 1161 1154 1224 in
1171 1160 1381 1240 convitiando,

223 1245 436 1312 Hochstratus
460 1249 634 1328 composuit
656 1248 885 1314 confutationes
908 1247 1073 1312 Reuchlini
1097 1249 1296 1329 scriptorum,
1321 1249 1379 1314 Or·

223 1335 331 1408 tuinus
354 1334 483 1400 Gratius
506 1337 713 1401 eruditionem
742 1337 959 1400 humaniorem
982 1336 1191 1402 commodavit
1217 1335 1404 1401 scholasti·v

223 1439 331 1487 corum
353 1424 490 1504 negotio,
524 1424 701 1494 retulerunt
727 1424 774 1488 illi
796 1443 904 1490 omnes
938 1426 1122 1489 innumero
1150 1425 1379 1489 haereticorum

224 1511 431 1577 adversarios.
1095 1579 1101 1598 ·.

311 1599 448 1665 Dubium
471 1616 538 1662 esse
561 1619 624 1665 non
647 1601 759 1681 potuit,
776 1601 851 1681 quin
874 1601 1057 1665 etiamtum
1080 1599 1205 1664 Erasini
1228 1617 1316 1664 amor
1339 1601 1381 1664 ad

223 1686 457 1753 Reuchlinistas
473 1687 573 1767 magis
588 1688 760 1756 inclinaret.
799 1687 988 1754 Persuasum
1011 1689 1093 1752 enim
1108 1687 1254 1766 habebat,
1273 1687 1378 1752 odium

223 1776 376 1840 bonarum
410 1775 575 1839 literarum
609 1794 738 1842 causam
771 1774 867 1840 fuisse
904 1774 998 1858 hujus
1033 1795 1157 1858 pugnae
1195 1775 1380 1842 stoliditatis

224 1863 432 1932 scholasticae
448 1867 557 1928 contra
572 1863 861 1929 Reuohlinistarum
878 1864 1127 1946 emditionem.³)
1155 1865 1258 1942 Quum
1273 1870 1379 1928 autem
1469 1943 1473 1952 ἢ

198 1957 201 1964 '
224 1952 324 2016 bonas
347 1951 454 2016 literas
478 1957 608 2032 amaret,
633 1957 669 2016 ut
692 1957 796 2031 autea,
827 1969 996 2032 earumque
1020 1953 1227 2032 cognitionem
1250 1951 1384 2017 utilissi-

225 2057 307 2105 mam
341 2039 474 2104 haberct
509 2040 549 2103 ad
580 2038 814 2104 reformandam
848 2039 1025 2116 ecclesiam,
1062 2039 1227 2105 Rouchlini
1262 2041 1379 2105 amieos

225 2129 376 2193 bonarum
410 2127 574 2192 literarum
601 2147 718 2207 amore,
748 2127 912 2192 intellectu
942 2128 1177 2210 depravationis
1203 2127 1385 2208 praesentis

225 2235 328 2280 rerum
352 2221 455 2280 status
475 2215 542 2296 jam
564 2217 605 2280 ad
626 2217 724 2298 ipsius
748 2217 853 2280 studia
873 2216 1125 2298 appropinquare
1148 2215 1379 2280 arbitrabatur:

225 2302 270 2368 Ut
285 2309 353 2366 tum
368 2322 419 2368 res
435 2321 469 2370 se
491 2304 660 2383 habebant,
676 2305 745 2370 illos
762 2305 845 2370 solos
861 2304 994 2387 putabat
1011 2322 1080 2370 esse
1101 2304 1217 2385 primos
1234 2309 1384 2369 auctores-

226 2391 417 2473 exstirpandi
448 2393 563 2456 veteris
594 2394 702 2473 animi,
738 2394 846 2458 mundi
876 2393 916 2457 ad
939 2411 1012 2457 vero
1042 2392 1258 2474 evangelicam
1279 2389 1379 2456 refor-

224 2480 392 2544 mationem
408 2480 619 2560 permovendi.
629 2483 656 2561 4)
695 2481 799 2556 Quare
823 2483 920 2546 etiam
935 2479 1131 2545 familiariter
1154 2498 1229 2544 usus
1245 2486 1294 2544 est
1316 2498 1380 2544 non

224 2567 317 2632 modo
340 2567 470 2632 modicis
493 2568 554 2632 illis
577 2567 740 2633 Reuchlini
763 2569 890 2648 amicis.
904 2587 967 2634 non
990 2569 1082 2634 modo
1105 2568 1276 2633 Renehlino
1299 2568 1379 2648 ipso,

225 2655 281 2720 sed
304 2656 398 2720 etiam
422 2655 485 2720 illis
501 2657 568 2738 ejus
585 2656 802 2734 sectatoribus,
824 2657 877 2738 qui
899 2662 935 2720 ut
950 2657 1110 2722 Hnttenus
1134 2674 1200 2720 rem
1216 2656 1385 2737 gerebant.

225 2743 444 2824 concharum,
485 2744 598 2824 „decus
632 2749 761 2809 nostrae
784 2744 1000 2823 Germaniae,“
1013 2743 1040 2827 ὁ)
1078 2745 1185 2827 magni
1222 2743 1378 2824 aestimat,

173 2841 177 2861 ¹
224 2831 343 2909 laudat,
368 2832 555 2911 consolatur,
591 2833 747 2899 siderei
779 2833 866 2898 exitu
895 2834 988 2897 timor
1012 2852 1083 2898 eum
1106 2831 1235 2908 invadit,
1248 2833 1273 2913 6)
1305 2849 1380 2896 con·

225 2919 330 2984 firmat
353 2919 381 2982 ei
403 2938 493 2984 suum
524 2939 674 3001 amorem,
704 2939 797 3000 quem
826 2921 920 2986 etiam
943 2919 1146 3001 Hochstrato‚
1176 2919 1385 2986 acerbissimo

338 3113 357 3182 1)
378 3113 493 3168 Satirice
513 3114 609 3181 scripti
634 3113 732 3182 dialogi
751 3113 886 3179 nonnulli,
910 3121 941 3167 nt
961 3113 1069 3181 „Julius
1089 3114 1233 3168 ιιιιοιιιιιιειζ
1253 3120 1282 3167 et
1300 3111 1385 3180 „Tri--

228 3185 344 3252 amphus
364 3184 529 3251 Capnionis“
549 3185 583 3238 ab
596 3184 719 3238 Hntteno
739 3183 843 3251 editus3
863 3184 1033 3252 apologetice
1047 3185 1216 3252 scripserunt
1229 3184 1258 3238 in
1271 3182 1378 3238 Reueh-

229 3255 276 3308 lini
295 3271 378 3309 causa
398 3255 507 3309 Cardia.
526 3255 665 3322 Benignus
685 3255 718 3309 de
738 3253 871 3323 Salviatis,
890 3255 1030 3322 Naeetius,
1049 3254 1228 3310 Pirlrhemius.

335 3343 356 3411 ²)
375 3342 527 3397 Ediderunt
545 3343 768 3397 Lamentationes
788 3343 968 3397 obscurorum
986 3344 1106 3398 virorum
1125 3342 1159 3398 cf.
1177 3360 1203 3411 p.
1228 3346 1344 3398 5ann0t
1356 3345 1379 3396 1.

131 3497 133 3502 Ι
334 3432 356 3498 ³)
375 3427 469 3483 Etiam
489 3431 556 3485 1520
575 3429 683 3484 Cardia.
704 3430 850 3499 Campegio
875 3431 981 3485 scribit:
1020 3433 1088 3499 „Hic
1107 3433 1190 3502 igitur
1209 3439 1249 3485 est
1269 3432 1331 3485 fons
1350 3437 1378 3483 et
1409 3461 1412 3466 -
1489 3435 1495 3442 “

227 3502 403 3555 seminarium
422 3502 507 3555 totius
530 3501 689 3569 tragoediae
711 3501 904 3556 immedicabile
923 3501 1013 3556 odium
1032 3503 1184 3571 linguarum
1197 3518 1229 3558 ac
1245 3503 1379 3556 bonarum

227 3571 375 3625 literarum.
411 3572 449 3625 At
474 3571 588 3626 subinde
612 3573 755 3626 variantur
786 3587 912 3630 scenae.
937 3613 967 3626 ..
997 3573 1046 3627 sed
1070 3581 1160 3628 tamen
1186 3573 1262 3628 edem
1288 3569 1380 3626 fabula

227 3642 323 3708 agitur.
360 3641 430 3695 Hinc
442 3641 487 3696 illa
500 3650 650 3710 tempestas
668 3643 696 3696 in
708 3643 906 3697 Reuchlinum“
927 3651 970 3697 etc
984 3641 1041 3709 (Er.
1055 3659 1116 3712 epp.
1136 3660 1163 3712 p.
1182 3643 1252 3712 595).
1273 3642 1378 3712 „Nemo

226 3714 314 3767 nescit
332 3712 384 3767 hoc
409 3728 491 3780 agere
510 3713 724 3779 Hochstratum,
750 3720 780 3767 ut
799 3713 904 3781 linguas
923 3720 949 3768 et
970 3714 1055 3768 bonas
1081 3715 1176 3769 literas
1199 3711 1378 3780 exstinguat.“

226 3782 301 3852 (ibid.
320 3800 345 3851 p.
361 3783 421 3851 714)
440 3783 503 3837 ibid.
516 3800 542 3851 p.
562 3785 613 3838 590
633 3783 665 3838 de
675 3783 822 3837 Rcuchlini
840 3783 1004 3838 adversariis
1018 3785 1147 3852 loquitur,
1168 3784 1274 3853 „quiin
1293 3782 1387 3837 bonas.

226 3855 322 3908 literas
341 3854 542 3922 conjurarunt.⁸‘

334 3941 356 4008 ⁴)
375 3941 467 4008 Quare
490 3941 638 4004 Reuchlino
663 3941 740 3997 dicit:
788 3940 936 4011 „Christus
960 3950 1092 4011 agnoscet
1122 3943 1172 4012 (sc.
1197 3944 1294 3999 merita
1312 3943 1378 4013 tua),

226 4012 338 4093 cultui
365 4011 480 4065 militant
507 4011 642 4067 labores.“
689 4011 747 4082 (Er.
773 4028 833 4080 epp.
861 4030 887 4081 p.
909 4015 990 4081 1598,
1024 4029 1066 4082 ep.
1090 4031 1113 4069 a.
1145 4017 1211 4070 1517
1231 4015 1387 4070 Reuchlino·

225 4083 354 4221 εοΙἿΙηίιὲ)
372 4152 520 4206 illustrium
538 4154 658 4208 virorum
677 4169 738 4222 epp.
758 4155 773 4206 l.
794 4169 815 4208 c.
834 4171 859 4222 p.
877 4159 919 4225 tu,

333 4239 355 4309 ⁶)
374 4241 422 4294 Er.
442 4257 502 4309 epp.
520 4257 547 4308 p.
568 4244 643 4297 1598.
