<?xml version="1.0" encoding="UTF-8"?>
<!DOCTYPE html PUBLIC "-//W3C//DTD XHTML 1.0 Transitional//EN"
    "http://www.w3.org/TR/xhtml1/DTD/xhtml1-transitional.dtd">
<html xmlns="http://www.w3.org/1999/xhtml" xml:lang="en" lang="en">
 <head>
  <title>
</title>
<meta http-equiv="Content-Type" content="text/html;charset=utf-8" />
  <meta name='ocr-system' content='tesseract 3.04.00' />
  <meta name='ocr-capabilities' content='ocr_page ocr_carea ocr_par ocr_line ocrx_word'/>
</head>
<body>
  <div class='ocr_page' id='page_1' title='image "./deerasmirotterd00wokegoog_0013.png"; bbox 0 0 3172 5120; ppageno 0'>
   <div class='ocr_carea' id='block_1_1' title="bbox 0 3240 6 5111">
    <p class='ocr_par' dir='ltr' id='par_1_1' title="bbox 0 3240 6 5111">
     <span class='ocr_line' id='line_1_1' title="bbox 0 3240 6 5111; baseline 0 0"><span class='ocrx_word' id='word_1_1' title='bbox 0 3240 6 5111; x_wconf 95' lang='lat' dir='ltr'> </span> 
     </span>
    </p>
   </div>
   <div class='ocr_carea' id='block_1_2' title="bbox 750 221 766 278">
    <p class='ocr_par' dir='ltr' id='par_1_2' title="bbox 750 221 766 278">
     <span class='ocr_line' id='line_1_2' title="bbox 750 221 766 278; baseline 0 0"><span class='ocrx_word' id='word_1_2' title='bbox 750 221 766 278; x_wconf 81' lang='lat' dir='ltr'>b</span> 
     </span>
    </p>
   </div>
   <div class='ocr_carea' id='block_1_3' title="bbox 164 389 1336 1702">
    <p class='ocr_par' dir='ltr' id='par_1_3' title="bbox 164 389 1336 1702">
     <span class='ocr_line' id='line_1_3' title="bbox 175 389 1333 475; baseline -0.002 -19"><span class='ocrx_word' id='word_1_3' title='bbox 175 391 405 475; x_wconf 85' lang='lat' dir='ltr'>profluxerunt,</span> <span class='ocrx_word' id='word_1_4' title='bbox 438 410 571 472; x_wconf 88' lang='lat' dir='ltr'>quarum</span> <span class='ocrx_word' id='word_1_5' title='bbox 595 393 680 473; x_wconf 88' lang='lat' dir='ltr'>prior</span> <span class='ocrx_word' id='word_1_6' title='bbox 710 409 783 472; x_wconf 88' lang='lat' dir='ltr'>pars</span> <span class='ocrx_word' id='word_1_7' title='bbox 808 391 918 455; x_wconf 88' lang='lat' dir='ltr'>eodem</span> <span class='ocrx_word' id='word_1_8' title='bbox 952 395 1048 470; x_wconf 91' lang='lat' dir='ltr'>atque</span> <span class='ocrx_word' id='word_1_9' title='bbox 1072 389 1196 454; x_wconf 83' lang='lat' dir='ltr'>Erasini</span> <span class='ocrx_word' id='word_1_10' title='bbox 1220 407 1333 454; x_wconf 84' lang='lat' dir='ltr'>novum</span> 
     </span>
     <span class='ocr_line' id='line_1_4' title="bbox 175 477 1334 556; baseline -0.003 -10"><span class='ocrx_word' id='word_1_11' title='bbox 175 486 401 546; x_wconf 89' lang='lat' dir='ltr'>testamentum</span> <span class='ocrx_word' id='word_1_12' title='bbox 431 498 513 545; x_wconf 88' lang='lat' dir='ltr'>anno</span> <span class='ocrx_word' id='word_1_13' title='bbox 536 479 622 544; x_wconf 91' lang='lat' dir='ltr'>edita</span> <span class='ocrx_word' id='word_1_14' title='bbox 653 483 710 546; x_wconf 85' lang='lat' dir='ltr'>est.</span> <span class='ocrx_word' id='word_1_15' title='bbox 762 478 830 556; x_wconf 80' lang='lat' dir='ltr'>Quo</span> <span class='ocrx_word' id='word_1_16' title='bbox 858 478 938 542; x_wconf 90' lang='lat' dir='ltr'>libro</span> <span class='ocrx_word' id='word_1_17' title='bbox 961 477 1086 543; x_wconf 85' lang='lat' dir='ltr'>Erasmi</span> <span class='ocrx_word' id='word_1_18' title='bbox 1118 495 1198 543; x_wconf 87' lang='lat' dir='ltr'>nova</span> <span class='ocrx_word' id='word_1_19' title='bbox 1229 479 1334 542; x_wconf 91' lang='lat' dir='ltr'>studia</span> 
     </span>
     <span class='ocr_line' id='line_1_5' title="bbox 177 565 1332 646; baseline -0.002 -12"><span class='ocrx_word' id='word_1_20' title='bbox 177 570 300 634; x_wconf 93' lang='lat' dir='ltr'>omnino</span> <span class='ocrx_word' id='word_1_21' title='bbox 323 565 449 632; x_wconf 90' lang='lat' dir='ltr'>firmata</span> <span class='ocrx_word' id='word_1_22' title='bbox 472 573 555 632; x_wconf 89' lang='lat' dir='ltr'>sunt.</span> <span class='ocrx_word' id='word_1_23' title='bbox 601 567 650 632; x_wconf 83' lang='lat' dir='ltr'>Ab</span> <span class='ocrx_word' id='word_1_24' title='bbox 672 567 798 634; x_wconf 78' lang='lat' dir='ltr'>Erasini</span> <span class='ocrx_word' id='word_1_25' title='bbox 822 567 924 630; x_wconf 88' lang='lat' dir='ltr'>animo</span> <span class='ocrx_word' id='word_1_26' title='bbox 948 566 1071 631; x_wconf 91' lang='lat' dir='ltr'>modico</span> <span class='ocrx_word' id='word_1_27' title='bbox 1093 585 1130 630; x_wconf 91' lang='lat' dir='ltr'>ac</span> <span class='ocrx_word' id='word_1_28' title='bbox 1152 566 1332 646; x_wconf 85' lang='lat' dir='ltr'>tranquillo,</span> 
     </span>
     <span class='ocr_line' id='line_1_6' title="bbox 177 653 1335 738; baseline -0.003 -17"><span class='ocrx_word' id='word_1_29' title='bbox 177 657 217 722; x_wconf 92' lang='lat' dir='ltr'>ab</span> <span class='ocrx_word' id='word_1_30' title='bbox 238 658 307 738; x_wconf 84' lang='lat' dir='ltr'>ejus</span> <span class='ocrx_word' id='word_1_31' title='bbox 332 655 453 734; x_wconf 75' lang='lat' dir='ltr'>studiis</span> <span class='ocrx_word' id='word_1_32' title='bbox 484 674 565 736; x_wconf 89' lang='lat' dir='ltr'>quae</span> <span class='ocrx_word' id='word_1_33' title='bbox 588 673 739 720; x_wconf 77' lang='lat' dir='ltr'>iconarum</span> <span class='ocrx_word' id='word_1_34' title='bbox 769 673 875 718; x_wconf 90' lang='lat' dir='ltr'>rerum</span> <span class='ocrx_word' id='word_1_35' title='bbox 898 654 1062 718; x_wconf 84' lang='lat' dir='ltr'>victoriam</span> <span class='ocrx_word' id='word_1_36' title='bbox 1084 672 1147 717; x_wconf 91' lang='lat' dir='ltr'>non</span> <span class='ocrx_word' id='word_1_37' title='bbox 1171 653 1273 718; x_wconf 90' lang='lat' dir='ltr'>subito</span> <span class='ocrx_word' id='word_1_38' title='bbox 1298 673 1335 718; x_wconf 91' lang='lat' dir='ltr'>ac</span> 
     </span>
     <span class='ocr_line' id='line_1_7' title="bbox 175 743 1334 822; baseline -0.002 -13"><span class='ocrx_word' id='word_1_39' title='bbox 175 744 338 821; x_wconf 86' lang='lat' dir='ltr'>violenter,</span> <span class='ocrx_word' id='word_1_40' title='bbox 363 743 417 807; x_wconf 92' lang='lat' dir='ltr'>sed</span> <span class='ocrx_word' id='word_1_41' title='bbox 441 744 616 808; x_wconf 89' lang='lat' dir='ltr'>successiva</span> <span class='ocrx_word' id='word_1_42' title='bbox 637 749 779 807; x_wconf 86' lang='lat' dir='ltr'>veterum</span> <span class='ocrx_word' id='word_1_43' title='bbox 801 760 907 806; x_wconf 91' lang='lat' dir='ltr'>rernm</span> <span class='ocrx_word' id='word_1_44' title='bbox 934 743 1127 806; x_wconf 80' lang='lat' dir='ltr'>correctione</span> <span class='ocrx_word' id='word_1_45' title='bbox 1151 760 1334 822; x_wconf 89' lang='lat' dir='ltr'>comparare</span> 
     </span>
     <span class='ocr_line' id='line_1_8' title="bbox 175 827 1334 913; baseline -0.003 -15"><span class='ocrx_word' id='word_1_46' title='bbox 175 833 331 910; x_wconf 77' lang='lat' dir='ltr'>nolebant,</span> <span class='ocrx_word' id='word_1_47' title='bbox 356 831 480 896; x_wconf 92' lang='lat' dir='ltr'>omnino</span> <span class='ocrx_word' id='word_1_48' title='bbox 504 830 694 896; x_wconf 81' lang='lat' dir='ltr'>abhorrebat</span> <span class='ocrx_word' id='word_1_49' title='bbox 718 831 922 913; x_wconf 84' lang='lat' dir='ltr'>comprobare</span> <span class='ocrx_word' id='word_1_50' title='bbox 947 831 1098 910; x_wconf 89' lang='lat' dir='ltr'>impetum</span> <span class='ocrx_word' id='word_1_51' title='bbox 1120 827 1210 892; x_wconf 92' lang='lat' dir='ltr'>illum</span> <span class='ocrx_word' id='word_1_52' title='bbox 1225 836 1334 894; x_wconf 90' lang='lat' dir='ltr'>contra</span> 
     </span>
     <span class='ocr_line' id='line_1_9' title="bbox 175 916 1334 1002; baseline -0.002 -19"><span class='ocrx_word' id='word_1_53' title='bbox 175 923 373 1002; x_wconf 82' lang='lat' dir='ltr'>praesentem</span> <span class='ocrx_word' id='word_1_54' title='bbox 408 937 514 984; x_wconf 90' lang='lat' dir='ltr'>rerum</span> <span class='ocrx_word' id='word_1_55' title='bbox 542 924 658 984; x_wconf 91' lang='lat' dir='ltr'>statum</span> <span class='ocrx_word' id='word_1_56' title='bbox 690 918 892 982; x_wconf 87' lang='lat' dir='ltr'>tumultuarie</span> <span class='ocrx_word' id='word_1_57' title='bbox 928 917 1042 982; x_wconf 88' lang='lat' dir='ltr'>factum</span> <span class='ocrx_word' id='word_1_58' title='bbox 1066 925 1161 997; x_wconf 92' lang='lat' dir='ltr'>atque</span> <span class='ocrx_word' id='word_1_59' title='bbox 1190 916 1334 982; x_wconf 85' lang='lat' dir='ltr'>hostilem</span> 
     </span>
     <span class='ocr_line' id='line_1_10' title="bbox 176 1006 1335 1087; baseline -0.003 -14"><span class='ocrx_word' id='word_1_60' title='bbox 176 1009 351 1073; x_wconf 89' lang='lat' dir='ltr'>animorum</span> <span class='ocrx_word' id='word_1_61' title='bbox 376 1007 529 1087; x_wconf 90' lang='lat' dir='ltr'>ardorem,</span> <span class='ocrx_word' id='word_1_62' title='bbox 557 1025 618 1086; x_wconf 89' lang='lat' dir='ltr'>quo</span> <span class='ocrx_word' id='word_1_63' title='bbox 642 1012 788 1072; x_wconf 80' lang='lat' dir='ltr'>auctores</span> <span class='ocrx_word' id='word_1_64' title='bbox 812 1024 847 1069; x_wconf 91' lang='lat' dir='ltr'>eo</span> <span class='ocrx_word' id='word_1_65' title='bbox 870 1024 970 1086; x_wconf 89' lang='lat' dir='ltr'>usque</span> <span class='ocrx_word' id='word_1_66' title='bbox 994 1011 1086 1068; x_wconf 90' lang='lat' dir='ltr'>erant</span> <span class='ocrx_word' id='word_1_67' title='bbox 1109 1006 1270 1085; x_wconf 88' lang='lat' dir='ltr'>concitati,</span> <span class='ocrx_word' id='word_1_68' title='bbox 1299 1013 1335 1069; x_wconf 90' lang='lat' dir='ltr'>ut</span> 
     </span>
     <span class='ocr_line' id='line_1_11' title="bbox 164 1093 1335 1178; baseline -0.003 -18"><span class='ocrx_word' id='word_1_69' title='bbox 164 1098 245 1178; x_wconf 91' lang='lat' dir='ltr'>ipsa</span> <span class='ocrx_word' id='word_1_70' title='bbox 268 1113 360 1159; x_wconf 91' lang='lat' dir='ltr'>sacra</span> <span class='ocrx_word' id='word_1_71' title='bbox 389 1099 630 1176; x_wconf 86' lang='lat' dir='ltr'>prosternerent</span> <span class='ocrx_word' id='word_1_72' title='bbox 660 1101 692 1159; x_wconf 92' lang='lat' dir='ltr'>et</span> <span class='ocrx_word' id='word_1_73' title='bbox 715 1113 751 1158; x_wconf 91' lang='lat' dir='ltr'>eo</span> <span class='ocrx_word' id='word_1_74' title='bbox 780 1093 871 1158; x_wconf 89' lang='lat' dir='ltr'>modo</span> <span class='ocrx_word' id='word_1_75' title='bbox 904 1113 970 1158; x_wconf 89' lang='lat' dir='ltr'>rem</span> <span class='ocrx_word' id='word_1_76' title='bbox 993 1099 1153 1173; x_wconf 82' lang='lat' dir='ltr'>gererent,</span> <span class='ocrx_word' id='word_1_77' title='bbox 1187 1095 1239 1174; x_wconf 89' lang='lat' dir='ltr'>qui</span> <span class='ocrx_word' id='word_1_78' title='bbox 1264 1112 1335 1158; x_wconf 92' lang='lat' dir='ltr'>con-</span> 
     </span>
     <span class='ocr_line' id='line_1_12' title="bbox 179 1180 1334 1262; baseline -0.005 -12"><span class='ocrx_word' id='word_1_79' title='bbox 179 1183 304 1250; x_wconf 86' lang='lat' dir='ltr'>cordiae</span> <span class='ocrx_word' id='word_1_80' title='bbox 328 1181 614 1247; x_wconf 83' lang='lat' dir='ltr'>reconciliationem</span> <span class='ocrx_word' id='word_1_81' title='bbox 638 1198 751 1246; x_wconf 90' lang='lat' dir='ltr'>vanam</span> <span class='ocrx_word' id='word_1_82' title='bbox 774 1181 920 1247; x_wconf 86' lang='lat' dir='ltr'>reddidit.</span> <span class='ocrx_word' id='word_1_83' title='bbox 955 1180 998 1245; x_wconf 91' lang='lat' dir='ltr'>Ut</span> <span class='ocrx_word' id='word_1_84' title='bbox 1020 1183 1119 1262; x_wconf 83' lang='lat' dir='ltr'>igitur</span> <span class='ocrx_word' id='word_1_85' title='bbox 1135 1181 1173 1244; x_wconf 92' lang='lat' dir='ltr'>de</span> <span class='ocrx_word' id='word_1_86' title='bbox 1196 1180 1334 1262; x_wconf 90' lang='lat' dir='ltr'>epistolis</span> 
     </span>
     <span class='ocr_line' id='line_1_13' title="bbox 178 1268 1334 1350; baseline -0.003 -14"><span class='ocrx_word' id='word_1_87' title='bbox 178 1272 381 1336; x_wconf 88' lang='lat' dir='ltr'>obscurorum</span> <span class='ocrx_word' id='word_1_88' title='bbox 405 1271 542 1335; x_wconf 88' lang='lat' dir='ltr'>virorum</span> <span class='ocrx_word' id='word_1_89' title='bbox 565 1271 755 1335; x_wconf 85' lang='lat' dir='ltr'>sententiam</span> <span class='ocrx_word' id='word_1_90' title='bbox 779 1271 856 1334; x_wconf 86' lang='lat' dir='ltr'>dixit</span> <span class='ocrx_word' id='word_1_91' title='bbox 878 1268 1007 1334; x_wconf 91' lang='lat' dir='ltr'>minime</span> <span class='ocrx_word' id='word_1_92' title='bbox 1030 1271 1294 1350; x_wconf 88' lang='lat' dir='ltr'>comprobantem,</span> <span class='ocrx_word' id='word_1_93' title='bbox 1311 1269 1334 1350; x_wconf 82' lang='lat'>¹)</span> 
     </span>
     <span class='ocr_line' id='line_1_14' title="bbox 179 1357 1335 1439; baseline -0.003 -16"><span class='ocrx_word' id='word_1_94' title='bbox 179 1361 223 1423; x_wconf 88' lang='lat' dir='ltr'>ita</span> <span class='ocrx_word' id='word_1_95' title='bbox 240 1360 335 1422; x_wconf 88' lang='lat' dir='ltr'>etiam</span> <span class='ocrx_word' id='word_1_96' title='bbox 352 1357 412 1422; x_wconf 94' lang='lat' dir='ltr'>hoc</span> <span class='ocrx_word' id='word_1_97' title='bbox 434 1357 515 1422; x_wconf 91' lang='lat' dir='ltr'>libro</span> <span class='ocrx_word' id='word_1_98' title='bbox 531 1357 625 1438; x_wconf 90' lang='lat' dir='ltr'>plane</span> <span class='ocrx_word' id='word_1_99' title='bbox 642 1377 677 1422; x_wconf 93' lang='lat' dir='ltr'>eo</span> <span class='ocrx_word' id='word_1_100' title='bbox 701 1357 943 1439; x_wconf 84' lang='lat' dir='ltr'>perducebatur,</span> <span class='ocrx_word' id='word_1_101' title='bbox 961 1363 996 1420; x_wconf 92' lang='lat' dir='ltr'>ut</span> <span class='ocrx_word' id='word_1_102' title='bbox 1018 1359 1051 1420; x_wconf 89' lang='lat' dir='ltr'>in</span> <span class='ocrx_word' id='word_1_103' title='bbox 1067 1376 1158 1422; x_wconf 90' lang='lat' dir='ltr'>omne</span> <span class='ocrx_word' id='word_1_104' title='bbox 1174 1363 1335 1438; x_wconf 87' lang='lat' dir='ltr'>posterum</span> 
     </span>
     <span class='ocr_line' id='line_1_15' title="bbox 177 1445 1336 1528; baseline -0.003 -17"><span class='ocrx_word' id='word_1_105' title='bbox 177 1453 301 1527; x_wconf 85' lang='lat' dir='ltr'>tempus</span> <span class='ocrx_word' id='word_1_106' title='bbox 325 1446 502 1510; x_wconf 88' lang='lat' dir='ltr'>studiorum</span> <span class='ocrx_word' id='word_1_107' title='bbox 533 1447 711 1528; x_wconf 84' lang='lat' dir='ltr'>conjunctio</span> <span class='ocrx_word' id='word_1_108' title='bbox 728 1449 810 1510; x_wconf 79' lang='lat' dir='ltr'>‘oum</span> <span class='ocrx_word' id='word_1_109' title='bbox 833 1445 887 1525; x_wconf 84' lang='grc'><strong>111,</strong></span> <span class='ocrx_word' id='word_1_110' title='bbox 917 1447 971 1525; x_wconf 89' lang='lat' dir='ltr'>qui</span> <span class='ocrx_word' id='word_1_111' title='bbox 995 1445 1198 1526; x_wconf 88' lang='lat' dir='ltr'>oppositionis</span> <span class='ocrx_word' id='word_1_112' title='bbox 1222 1447 1336 1527; x_wconf 91' lang='lat' dir='ltr'>spiritu</span> 
     </span>
     <span class='ocr_line' id='line_1_16' title="bbox 179 1532 1336 1614; baseline -0.003 -14"><span class='ocrx_word' id='word_1_113' title='bbox 179 1535 272 1600; x_wconf 89' lang='lat' dir='ltr'>nimis</span> <span class='ocrx_word' id='word_1_114' title='bbox 296 1534 390 1614; x_wconf 84' lang='lat' dir='ltr'>longe</span> <span class='ocrx_word' id='word_1_115' title='bbox 412 1532 665 1614; x_wconf 88' lang='lat' dir='ltr'>proferebantur,</span> <span class='ocrx_word' id='word_1_116' title='bbox 695 1535 821 1597; x_wconf 90' lang='lat' dir='ltr'>omnino</span> <span class='ocrx_word' id='word_1_117' title='bbox 846 1533 1022 1598; x_wconf 87' lang='lat' dir='ltr'>solveretur</span> <span class='ocrx_word' id='word_1_118' title='bbox 1054 1539 1086 1598; x_wconf 89' lang='lat' dir='ltr'>et</span> <span class='ocrx_word' id='word_1_119' title='bbox 1109 1533 1206 1612; x_wconf 85' lang='lat' dir='ltr'>ipsius</span> <span class='ocrx_word' id='word_1_120' title='bbox 1230 1534 1336 1596; x_wconf 90' lang='lat' dir='ltr'>studia</span> 
     </span>
     <span class='ocr_line' id='line_1_17' title="bbox 178 1621 1333 1702; baseline -0.003 -15"><span class='ocrx_word' id='word_1_121' title='bbox 178 1623 219 1687; x_wconf 90' lang='lat' dir='ltr'>ad</span> <span class='ocrx_word' id='word_1_122' title='bbox 242 1621 381 1692; x_wconf 87' lang='lat' dir='ltr'>sananda</span> <span class='ocrx_word' id='word_1_123' title='bbox 416 1621 499 1685; x_wconf 91' lang='lat' dir='ltr'>mala</span> <span class='ocrx_word' id='word_1_124' title='bbox 531 1621 651 1687; x_wconf 89' lang='lat' dir='ltr'>directa</span> <span class='ocrx_word' id='word_1_125' title='bbox 680 1623 774 1686; x_wconf 89' lang='lat' dir='ltr'>etiam</span> <span class='ocrx_word' id='word_1_126' title='bbox 805 1622 956 1702; x_wconf 84' lang='lat' dir='ltr'>majorem</span> <span class='ocrx_word' id='word_1_127' title='bbox 987 1621 1166 1701; x_wconf 88' lang='lat' dir='ltr'>acciperent</span> <span class='ocrx_word' id='word_1_128' title='bbox 1190 1621 1333 1686; x_wconf 86' lang='lat' dir='ltr'>ardorem</span> 
     </span>
    </p>
   </div>
   <div class='ocr_carea' id='block_1_4' title="bbox 179 1707 441 1792">
    <p class='ocr_par' dir='ltr' id='par_1_4' title="bbox 179 1707 441 1792">
     <span class='ocr_line' id='line_1_18' title="bbox 179 1707 441 1792; baseline -0.008 -18"><span class='ocrx_word' id='word_1_129' title='bbox 179 1729 214 1774; x_wconf 91' lang='lat' dir='ltr'>ac</span> <span class='ocrx_word' id='word_1_130' title='bbox 239 1707 400 1774; x_wconf 85' lang='lat' dir='ltr'>fervorem.</span> <span class='ocrx_word' id='word_1_131' title='bbox 413 1713 441 1792; x_wconf 75' lang='lat'>2)</span> 
     </span>
    </p>
   </div>
   <div class='ocr_carea' id='block_1_5' title="bbox 178 1882 1341 4344">
    <p class='ocr_par' dir='ltr' id='par_1_5' title="bbox 179 1882 1337 2360">
     <span class='ocr_line' id='line_1_19' title="bbox 289 1882 1335 1954; baseline -0.003 -17"><span class='ocrx_word' id='word_1_132' title='bbox 289 1885 310 1954; x_wconf 73' lang='lat'>1)</span> <span class='ocrx_word' id='word_1_133' title='bbox 327 1885 374 1937; x_wconf 69' lang='lat' dir='ltr'>hir.</span> <span class='ocrx_word' id='word_1_134' title='bbox 401 1899 462 1951; x_wconf 87' lang='lat' dir='ltr'>epp.</span> <span class='ocrx_word' id='word_1_135' title='bbox 480 1901 507 1951; x_wconf 90' lang='lat' dir='ltr'>p.</span> <span class='ocrx_word' id='word_1_136' title='bbox 534 1886 680 1937; x_wconf 84' lang='grc'><strong>1622-23</strong></span> <span class='ocrx_word' id='word_1_137' title='bbox 705 1882 872 1952; x_wconf 83' lang='lat' dir='ltr'>(Appendix)</span> <span class='ocrx_word' id='word_1_138' title='bbox 897 1899 937 1950; x_wconf 85' lang='lat' dir='ltr'>ep.</span> <span class='ocrx_word' id='word_1_139' title='bbox 962 1883 998 1936; x_wconf 89' lang='lat' dir='ltr'>ad</span> <span class='ocrx_word' id='word_1_140' title='bbox 1022 1883 1178 1937; x_wconf 86' lang='lat' dir='ltr'>Caesarium</span> <span class='ocrx_word' id='word_1_141' title='bbox 1203 1899 1226 1936; x_wconf 89' lang='lat' dir='ltr'>a.</span> <span class='ocrx_word' id='word_1_142' title='bbox 1253 1885 1335 1935; x_wconf 80' lang='lat'>1517:</span> 
     </span>
     <span class='ocr_line' id='line_1_20' title="bbox 181 1953 1335 2024; baseline -0.003 -15"><span class='ocrx_word' id='word_1_143' title='bbox 181 1956 362 2024; x_wconf 82' lang='lat' dir='ltr'>„Magnopere</span> <span class='ocrx_word' id='word_1_144' title='bbox 392 1954 537 2021; x_wconf 87' lang='lat' dir='ltr'>displicent</span> <span class='ocrx_word' id='word_1_145' title='bbox 557 1953 690 2022; x_wconf 88' lang='lat' dir='ltr'>epistolae</span> <span class='ocrx_word' id='word_1_146' title='bbox 719 1954 895 2018; x_wconf 86' lang='lat' dir='ltr'>obscurorum</span> <span class='ocrx_word' id='word_1_147' title='bbox 925 1954 1075 2022; x_wconf 83' lang='lat' dir='ltr'>virorum;“</span> <span class='ocrx_word' id='word_1_148' title='bbox 1104 1953 1169 2007; x_wconf 92' lang='lat' dir='ltr'>ibid.</span> <span class='ocrx_word' id='word_1_149' title='bbox 1198 1969 1223 2020; x_wconf 92' lang='lat' dir='ltr'>p.</span> <span class='ocrx_word' id='word_1_150' title='bbox 1254 1955 1335 2006; x_wconf 81' lang='lat'>1626:</span> 
     </span>
     <span class='ocr_line' id='line_1_21' title="bbox 181 2023 1337 2094; baseline -0.003 -14"><span class='ocrx_word' id='word_1_151' title='bbox 181 2027 249 2094; x_wconf 90' lang='lat' dir='ltr'>,scit</span> <span class='ocrx_word' id='word_1_152' title='bbox 268 2033 329 2080; x_wconf 88' lang='lat' dir='ltr'>tota</span> <span class='ocrx_word' id='word_1_153' title='bbox 348 2025 478 2078; x_wconf 89' lang='lat' dir='ltr'>sodalitas</span> <span class='ocrx_word' id='word_1_154' title='bbox 497 2025 669 2090; x_wconf 88' lang='lat' dir='ltr'>Basiliensis,</span> <span class='ocrx_word' id='word_1_155' title='bbox 694 2024 761 2076; x_wconf 91' lang='lat' dir='ltr'>mihi</span> <span class='ocrx_word' id='word_1_156' title='bbox 780 2039 885 2091; x_wconf 87' lang='lat' dir='ltr'>semper</span> <span class='ocrx_word' id='word_1_157' title='bbox 912 2023 1087 2091; x_wconf 85' lang='lat' dir='ltr'>displicuisse</span> <span class='ocrx_word' id='word_1_158' title='bbox 1107 2024 1250 2090; x_wconf 90' lang='lat' dir='ltr'>epistolas,</span> <span class='ocrx_word' id='word_1_159' title='bbox 1270 2038 1337 2089; x_wconf 87' lang='lat' dir='ltr'>quas</span> 
     </span>
     <span class='ocr_line' id='line_1_22' title="bbox 179 2094 1336 2163; baseline -0.001 -14"><span class='ocrx_word' id='word_1_160' title='bbox 179 2097 379 2163; x_wconf 89' lang='lat' dir='ltr'>inscripserunt</span> <span class='ocrx_word' id='word_1_161' title='bbox 405 2095 585 2148; x_wconf 88' lang='lat' dir='ltr'>obscurorum</span> <span class='ocrx_word' id='word_1_162' title='bbox 604 2094 755 2161; x_wconf 88' lang='lat' dir='ltr'>virorum;“</span> <span class='ocrx_word' id='word_1_163' title='bbox 776 2094 841 2147; x_wconf 90' lang='lat' dir='ltr'>ibid.</span> <span class='ocrx_word' id='word_1_164' title='bbox 860 2111 885 2162; x_wconf 92' lang='lat' dir='ltr'>p.</span> <span class='ocrx_word' id='word_1_165' title='bbox 906 2096 987 2147; x_wconf 84' lang='lat'><strong>1626:</strong></span> <span class='ocrx_word' id='word_1_166' title='bbox 1026 2097 1078 2162; x_wconf 81' lang='lat' dir='ltr'>,At</span> <span class='ocrx_word' id='word_1_167' title='bbox 1096 2095 1155 2161; x_wconf 90' lang='lat' dir='ltr'>isti,</span> <span class='ocrx_word' id='word_1_168' title='bbox 1182 2095 1336 2162; x_wconf 87' lang='lat' dir='ltr'>quicunque</span> 
     </span>
     <span class='ocr_line' id='line_1_23' title="bbox 179 2163 1335 2236; baseline -0.003 -16"><span class='ocrx_word' id='word_1_169' title='bbox 179 2175 252 2236; x_wconf 81' lang='lat' dir='ltr'>sunt,</span> <span class='ocrx_word' id='word_1_170' title='bbox 272 2182 325 2219; x_wconf 92' lang='lat' dir='ltr'>non</span> <span class='ocrx_word' id='word_1_171' title='bbox 339 2166 460 2220; x_wconf 87' lang='lat' dir='ltr'>contenti</span> <span class='ocrx_word' id='word_1_172' title='bbox 472 2165 511 2217; x_wconf 90' lang='lat' dir='ltr'>sic</span> <span class='ocrx_word' id='word_1_173' title='bbox 529 2166 670 2234; x_wconf 89' lang='lat' dir='ltr'>ineptisse,</span> <span class='ocrx_word' id='word_1_174' title='bbox 689 2164 853 2220; x_wconf 91' lang='lat' dir='ltr'>addiderunt</span> <span class='ocrx_word' id='word_1_175' title='bbox 869 2165 991 2218; x_wconf 88' lang='lat' dir='ltr'>alterum</span> <span class='ocrx_word' id='word_1_176' title='bbox 1009 2164 1048 2217; x_wconf 95' lang='lat' dir='ltr'>illi</span> <span class='ocrx_word' id='word_1_177' title='bbox 1069 2165 1184 2218; x_wconf 89' lang='lat' dir='ltr'>similem</span> <span class='ocrx_word' id='word_1_178' title='bbox 1197 2163 1335 2218; x_wconf 83' lang='lat' dir='ltr'>libellum“</span> 
     </span>
     <span class='ocr_line' id='line_1_24' title="bbox 180 2235 1337 2360; baseline -0.004 -69"><span class='ocrx_word' id='word_1_179' title='bbox 180 2243 230 2292; x_wconf 89' lang='lat' dir='ltr'>etc.</span> <span class='ocrx_word' id='word_1_180' title='bbox 268 2236 410 2360; x_wconf 54' lang='lat' dir='ltr'>{igmilitem</span> <span class='ocrx_word' id='word_1_181' title='bbox 436 2235 554 2303; x_wconf 83' lang='lat' dir='ltr'>Spongia</span> <span class='ocrx_word' id='word_1_182' title='bbox 572 2237 619 2288; x_wconf 82' lang='lat' dir='ltr'>Er.</span> <span class='ocrx_word' id='word_1_183' title='bbox 643 2251 686 2302; x_wconf 88' lang='lat' dir='ltr'>ap.</span> <span class='ocrx_word' id='word_1_184' title='bbox 705 2235 829 2304; x_wconf 87' lang='lat' dir='ltr'>Bdcking</span> <span class='ocrx_word' id='word_1_185' title='bbox 852 2235 961 2289; x_wconf 90' lang='lat' dir='ltr'>Huttcn.</span> <span class='ocrx_word' id='word_1_186' title='bbox 999 2235 1067 2303; x_wconf 89' lang='lat' dir='ltr'>Opp.</span> <span class='ocrx_word' id='word_1_187' title='bbox 1094 2235 1111 2292; x_wconf 86' lang='lat' dir='ltr'>l.</span> <span class='ocrx_word' id='word_1_188' title='bbox 1135 2251 1158 2288; x_wconf 88' lang='lat' dir='ltr'>o.</span> <span class='ocrx_word' id='word_1_189' title='bbox 1181 2235 1232 2288; x_wconf 91' lang='lat' dir='ltr'>vol.</span> <span class='ocrx_word' id='word_1_190' title='bbox 1260 2235 1287 2288; x_wconf 90' lang='lat' dir='ltr'>ll</span> <span class='ocrx_word' id='word_1_191' title='bbox 1312 2251 1337 2302; x_wconf 93' lang='lat' dir='ltr'>p.</span> 
     </span>
    </p>

    <p class='ocr_par' dir='ltr' id='par_1_6' title="bbox 178 2373 1339 3289">
     <span class='ocr_line' id='line_1_25' title="bbox 285 2373 1338 2444; baseline -0.002 -16"><span class='ocrx_word' id='word_1_192' title='bbox 285 2377 417 2429; x_wconf 85' lang='lat' dir='ltr'>Erasmus</span> <span class='ocrx_word' id='word_1_193' title='bbox 436 2391 468 2429; x_wconf 88' lang='lat' dir='ltr'>eo</span> <span class='ocrx_word' id='word_1_194' title='bbox 486 2375 571 2441; x_wconf 78' lang='lat' dir='ltr'>magis</span> <span class='ocrx_word' id='word_1_195' title='bbox 591 2376 821 2444; x_wconf 89' lang='lat' dir='ltr'>commovebatur,</span> <span class='ocrx_word' id='word_1_196' title='bbox 840 2392 873 2429; x_wconf 90' lang='lat' dir='ltr'>ne</span> <span class='ocrx_word' id='word_1_197' title='bbox 886 2376 1020 2430; x_wconf 89' lang='lat' dir='ltr'>retineret</span> <span class='ocrx_word' id='word_1_198' title='bbox 1036 2375 1177 2444; x_wconf 86' lang='lat' dir='ltr'>judicium,</span> <span class='ocrx_word' id='word_1_199' title='bbox 1191 2373 1264 2442; x_wconf 86' lang='lat' dir='ltr'>quod</span> <span class='ocrx_word' id='word_1_200' title='bbox 1275 2391 1338 2428; x_wconf 91' lang='lat' dir='ltr'>auc-</span> 
     </span>
     <span class='ocr_line' id='line_1_26' title="bbox 180 2445 1338 2516; baseline -0.003 -15"><span class='ocrx_word' id='word_1_201' title='bbox 180 2455 255 2502; x_wconf 85' lang='lat' dir='ltr'>tores</span> <span class='ocrx_word' id='word_1_202' title='bbox 275 2446 454 2516; x_wconf 89' lang='lat' dir='ltr'>epistolarum</span> <span class='ocrx_word' id='word_1_203' title='bbox 474 2445 555 2499; x_wconf 89' lang='lat' dir='ltr'>etiarn</span> <span class='ocrx_word' id='word_1_204' title='bbox 574 2445 683 2498; x_wconf 86' lang='lat' dir='ltr'>Erasmi</span> <span class='ocrx_word' id='word_1_205' title='bbox 703 2445 794 2498; x_wconf 90' lang='lat' dir='ltr'>studia</span> <span class='ocrx_word' id='word_1_206' title='bbox 813 2446 969 2514; x_wconf 87' lang='lat' dir='ltr'>theologica</span> <span class='ocrx_word' id='word_1_207' title='bbox 988 2463 1048 2498; x_wconf 92' lang='lat' dir='ltr'>cum</span> <span class='ocrx_word' id='word_1_208' title='bbox 1068 2447 1124 2500; x_wconf 89' lang='lat' dir='ltr'>suis</span> <span class='ocrx_word' id='word_1_209' title='bbox 1144 2446 1338 2500; x_wconf 86' lang='lat' dir='ltr'>consociarunt</span> 
     </span>
     <span class='ocr_line' id='line_1_27' title="bbox 181 2515 1338 2584; baseline -0.002 -13"><span class='ocrx_word' id='word_1_210' title='bbox 181 2518 295 2572; x_wconf 87' lang='lat' dir='ltr'>studiis:</span> <span class='ocrx_word' id='word_1_211' title='bbox 332 2517 517 2570; x_wconf 86' lang='lat' dir='ltr'>Hoehatratus</span> <span class='ocrx_word' id='word_1_212' title='bbox 535 2517 564 2568; x_wconf 91' lang='grc'>111</span> <span class='ocrx_word' id='word_1_213' title='bbox 576 2515 665 2582; x_wconf 88' lang='lat' dir='ltr'>prima</span> <span class='ocrx_word' id='word_1_214' title='bbox 677 2516 856 2582; x_wconf 86' lang='lat' dir='ltr'>epistolarum</span> <span class='ocrx_word' id='word_1_215' title='bbox 867 2523 946 2584; x_wconf 89' lang='lat' dir='ltr'>parte</span> <span class='ocrx_word' id='word_1_216' title='bbox 959 2517 1047 2570; x_wconf 85' lang='lat' dir='ltr'>Roma</span> <span class='ocrx_word' id='word_1_217' title='bbox 1066 2517 1171 2584; x_wconf 85' lang='lat' dir='ltr'>scribit,</span> <span class='ocrx_word' id='word_1_218' title='bbox 1191 2531 1221 2570; x_wconf 90' lang='lat' dir='ltr'>se</span> <span class='ocrx_word' id='word_1_219' title='bbox 1233 2515 1338 2583; x_wconf 89' lang='lat' dir='ltr'>audire,</span> 
     </span>
     <span class='ocr_line' id='line_1_28' title="bbox 178 2586 1339 2656; baseline -0.003 -15"><span class='ocrx_word' id='word_1_220' title='bbox 178 2587 325 2642; x_wconf 84' lang='lat' dir='ltr'>Erasmum</span> <span class='ocrx_word' id='word_1_221' title='bbox 344 2603 506 2654; x_wconf 85' lang='lat' dir='ltr'>componere</span> <span class='ocrx_word' id='word_1_222' title='bbox 525 2586 694 2656; x_wconf 83' lang='lat' dir='ltr'>theologica;</span> <span class='ocrx_word' id='word_1_223' title='bbox 713 2586 742 2640; x_wconf 92' lang='lat' dir='ltr'>id</span> <span class='ocrx_word' id='word_1_224' title='bbox 760 2586 943 2654; x_wconf 87' lang='lat' dir='ltr'>periculosum</span> <span class='ocrx_word' id='word_1_225' title='bbox 963 2603 1033 2654; x_wconf 91' lang='lat' dir='ltr'>esse,</span> <span class='ocrx_word' id='word_1_226' title='bbox 1054 2603 1138 2654; x_wconf 88' lang='lat' dir='ltr'>quum</span> <span class='ocrx_word' id='word_1_227' title='bbox 1155 2587 1213 2656; x_wconf 88' lang='lat' dir='ltr'>ipse</span> <span class='ocrx_word' id='word_1_228' title='bbox 1232 2602 1284 2639; x_wconf 92' lang='lat' dir='ltr'>non</span> <span class='ocrx_word' id='word_1_229' title='bbox 1303 2586 1339 2640; x_wconf 91' lang='lat' dir='ltr'>sit</span> 
     </span>
     <span class='ocr_line' id='line_1_29' title="bbox 180 2657 1338 2726; baseline -0.003 -15"><span class='ocrx_word' id='word_1_230' title='bbox 180 2659 208 2712; x_wconf 92' lang='lat' dir='ltr'>iu</span> <span class='ocrx_word' id='word_1_231' title='bbox 228 2659 388 2724; x_wconf 84' lang='lat' dir='ltr'>Germania,</span> <span class='ocrx_word' id='word_1_232' title='bbox 408 2657 458 2711; x_wconf 89' lang='lat' dir='ltr'>sed</span> <span class='ocrx_word' id='word_1_233' title='bbox 478 2657 517 2726; x_wconf 90' lang='lat' dir='ltr'>„si</span> <span class='ocrx_word' id='word_1_234' title='bbox 537 2657 614 2724; x_wconf 81' lang='lat' dir='ltr'>eg0“‚</span> <span class='ocrx_word' id='word_1_235' title='bbox 632 2657 737 2725; x_wconf 87' lang='lat' dir='ltr'>inquit,</span> <span class='ocrx_word' id='word_1_236' title='bbox 757 2660 853 2725; x_wconf 88' lang='lat' dir='ltr'>„venio</span> <span class='ocrx_word' id='word_1_237' title='bbox 873 2658 909 2712; x_wconf 90' lang='lat' dir='ltr'>ad</span> <span class='ocrx_word' id='word_1_238' title='bbox 927 2659 1123 2712; x_wconf 89' lang='lat' dir='ltr'>Allemanniam</span> <span class='ocrx_word' id='word_1_239' title='bbox 1148 2664 1175 2711; x_wconf 89' lang='lat' dir='ltr'>et</span> <span class='ocrx_word' id='word_1_240' title='bbox 1194 2659 1253 2724; x_wconf 81' lang='lat' dir='ltr'>lego</span> <span class='ocrx_word' id='word_1_241' title='bbox 1274 2671 1338 2709; x_wconf 90' lang='lat' dir='ltr'>suos</span> 
     </span>
     <span class='ocr_line' id='line_1_30' title="bbox 180 2727 1339 2797; baseline -0.003 -15"><span class='ocrx_word' id='word_1_242' title='bbox 180 2729 319 2783; x_wconf 85' lang='lat' dir='ltr'>codiculos</span> <span class='ocrx_word' id='word_1_243' title='bbox 338 2737 366 2782; x_wconf 89' lang='lat' dir='ltr'>et</span> <span class='ocrx_word' id='word_1_244' title='bbox 385 2729 495 2781; x_wconf 90' lang='lat' dir='ltr'>invenio</span> <span class='ocrx_word' id='word_1_245' title='bbox 521 2744 604 2781; x_wconf 88' lang='lat' dir='ltr'>unum</span> <span class='ocrx_word' id='word_1_246' title='bbox 628 2729 820 2794; x_wconf 87' lang='lat' dir='ltr'>parvissimum</span> <span class='ocrx_word' id='word_1_247' title='bbox 846 2735 990 2797; x_wconf 87' lang='lat' dir='ltr'>punctum,</span> <span class='ocrx_word' id='word_1_248' title='bbox 1015 2729 1061 2780; x_wconf 92' lang='lat' dir='ltr'>ubi</span> <span class='ocrx_word' id='word_1_249' title='bbox 1082 2729 1198 2794; x_wconf 86' lang='lat' dir='ltr'>erravit,</span> <span class='ocrx_word' id='word_1_250' title='bbox 1225 2734 1275 2780; x_wconf 90' lang='lat' dir='ltr'>aut</span> <span class='ocrx_word' id='word_1_251' title='bbox 1293 2727 1339 2779; x_wconf 89' lang='lat' dir='ltr'>ubi</span> 
     </span>
     <span class='ocr_line' id='line_1_31' title="bbox 179 2796 1338 2866; baseline 0.001 -14"><span class='ocrx_word' id='word_1_252' title='bbox 179 2815 233 2853; x_wconf 90' lang='lat' dir='ltr'>non</span> <span class='ocrx_word' id='word_1_253' title='bbox 252 2799 462 2866; x_wconf 76' lang='lat' dir='ltr'>intelligo,‘ipse</span> <span class='ocrx_word' id='word_1_254' title='bbox 482 2797 561 2851; x_wconf 90' lang='lat' dir='ltr'>debet</span> <span class='ocrx_word' id='word_1_255' title='bbox 580 2796 680 2864; x_wconf 88' lang='lat' dir='ltr'>videre,</span> <span class='ocrx_word' id='word_1_256' title='bbox 700 2799 771 2864; x_wconf 90' lang='lat' dir='ltr'>quod</span> <span class='ocrx_word' id='word_1_257' title='bbox 791 2815 841 2865; x_wconf 84' lang='lat' dir='ltr'>ego</span> <span class='ocrx_word' id='word_1_258' title='bbox 860 2799 919 2852; x_wconf 87' lang='lat' dir='ltr'>volo</span> <span class='ocrx_word' id='word_1_259' title='bbox 939 2799 992 2852; x_wconf 91' lang='lat' dir='ltr'>sibi</span> <span class='ocrx_word' id='word_1_260' title='bbox 1012 2796 1229 2865; x_wconf 64' lang='grc' dir='ltr'>111111111111111.ιι</span> <span class='ocrx_word' id='word_1_261' title='bbox 1267 2797 1338 2866; x_wconf 72' lang='lat' dir='ltr'>app.</span> 
     </span>
     <span class='ocr_line' id='line_1_32' title="bbox 181 2866 1338 2935; baseline -0.003 -11"><span class='ocrx_word' id='word_1_262' title='bbox 181 2869 254 2924; x_wconf 85' lang='lat' dir='ltr'>obse.</span> <span class='ocrx_word' id='word_1_263' title='bbox 273 2871 320 2922; x_wconf 87' lang='lat' dir='ltr'>vir.</span> <span class='ocrx_word' id='word_1_264' title='bbox 340 2869 370 2924; x_wconf 89' lang='lat' dir='ltr'>P.</span> <span class='ocrx_word' id='word_1_265' title='bbox 390 2869 401 2920; x_wconf 99' lang='grc' dir='ltr'>Ι</span> <span class='ocrx_word' id='word_1_266' title='bbox 421 2884 448 2935; x_wconf 89' lang='lat' dir='ltr'>p.</span> <span class='ocrx_word' id='word_1_267' title='bbox 471 2867 580 2922; x_wconf 79' lang='lat' dir='ltr'>l3bed.</span> <span class='ocrx_word' id='word_1_268' title='bbox 600 2867 819 2921; x_wconf 87' lang='lat' dir='ltr'>Francofordiae</span> <span class='ocrx_word' id='word_1_269' title='bbox 840 2871 907 2922; x_wconf 84' lang='lat'>1757</span> <span class='ocrx_word' id='word_1_270' title='bbox 924 2869 975 2925; x_wconf 84' lang='lat' dir='ltr'>vol,</span> <span class='ocrx_word' id='word_1_271' title='bbox 994 2869 1014 2921; x_wconf 94' lang='grc' dir='ltr'>Ι.</span> <span class='ocrx_word' id='word_1_272' title='bbox 1053 2867 1138 2922; x_wconf 87' lang='lat' dir='ltr'>Simili</span> <span class='ocrx_word' id='word_1_273' title='bbox 1156 2866 1235 2921; x_wconf 90' lang='lat' dir='ltr'>modo</span> <span class='ocrx_word' id='word_1_274' title='bbox 1253 2867 1338 2921; x_wconf 85' lang='lat' dir='ltr'>Eras-</span> 
     </span>
     <span class='ocr_line' id='line_1_33' title="bbox 181 2937 1339 3006; baseline -0.001 -14"><span class='ocrx_word' id='word_1_275' title='bbox 181 2956 241 2994; x_wconf 88' lang='lat' dir='ltr'>mus</span> <span class='ocrx_word' id='word_1_276' title='bbox 254 2940 408 2994; x_wconf 88' lang='lat' dir='ltr'>nominatur</span> <span class='ocrx_word' id='word_1_277' title='bbox 421 2939 484 2991; x_wconf 93' lang='lat' dir='ltr'>ibid.</span> <span class='ocrx_word' id='word_1_278' title='bbox 497 2939 547 2990; x_wconf 87' lang='lat' dir='ltr'>vol.</span> <span class='ocrx_word' id='word_1_279' title='bbox 566 2937 579 2990; x_wconf 97' lang='lat' dir='ltr'>I</span> <span class='ocrx_word' id='word_1_280' title='bbox 598 2937 626 2990; x_wconf 94' lang='lat' dir='ltr'>P.</span> <span class='ocrx_word' id='word_1_281' title='bbox 641 2938 668 2989; x_wconf 91' lang='grc' dir='ltr'>ΙΙ</span> <span class='ocrx_word' id='word_1_282' title='bbox 687 2955 712 3006; x_wconf 93' lang='lat' dir='ltr'>p.</span> <span class='ocrx_word' id='word_1_283' title='bbox 726 2942 787 3006; x_wconf 83' lang='lat'>207,</span> <span class='ocrx_word' id='word_1_284' title='bbox 806 2941 867 2994; x_wconf 82' lang='grc'>267,</span> <span class='ocrx_word' id='word_1_285' title='bbox 880 2941 940 3006; x_wconf 80' lang='grc'><strong>274,</strong></span> <span class='ocrx_word' id='word_1_286' title='bbox 960 2941 1020 3002; x_wconf 87' lang='grc'><strong>282,</strong></span> <span class='ocrx_word' id='word_1_287' title='bbox 1031 2941 1093 3002; x_wconf 87' lang='lat'>309,</span> <span class='ocrx_word' id='word_1_288' title='bbox 1111 2941 1169 2992; x_wconf 84' lang='lat'>315.</span> <span class='ocrx_word' id='word_1_289' title='bbox 1207 2939 1239 2990; x_wconf 92' lang='grc' dir='ltr'>Ι11</span> <span class='ocrx_word' id='word_1_290' title='bbox 1249 2939 1339 2992; x_wconf 89' lang='lat' dir='ltr'>altera</span> 
     </span>
     <span class='ocr_line' id='line_1_34' title="bbox 180 3007 1339 3079; baseline -0.001 -16"><span class='ocrx_word' id='word_1_291' title='bbox 180 3017 259 3079; x_wconf 88' lang='lat' dir='ltr'>parte</span> <span class='ocrx_word' id='word_1_292' title='bbox 281 3010 459 3077; x_wconf 88' lang='lat' dir='ltr'>epistolarum</span> <span class='ocrx_word' id='word_1_293' title='bbox 487 3008 619 3076; x_wconf 85' lang='lat' dir='ltr'>magister</span> <span class='ocrx_word' id='word_1_294' title='bbox 639 3007 825 3062; x_wconf 87' lang='lat' dir='ltr'>Erfordiensis</span> <span class='ocrx_word' id='word_1_295' title='bbox 851 3007 966 3062; x_wconf 91' lang='lat' dir='ltr'>Ortuino</span> <span class='ocrx_word' id='word_1_296' title='bbox 991 3009 1089 3062; x_wconf 84' lang='lat' dir='ltr'>Gratio</span> <span class='ocrx_word' id='word_1_297' title='bbox 1113 3015 1224 3062; x_wconf 87' lang='lat' dir='ltr'>narrat:</span> <span class='ocrx_word' id='word_1_298' title='bbox 1262 3010 1339 3074; x_wconf 89' lang='lat' dir='ltr'>„Ma-</span> 
     </span>
     <span class='ocr_line' id='line_1_35' title="bbox 182 3077 1339 3149; baseline -0.002 -15"><span class='ocrx_word' id='word_1_299' title='bbox 182 3082 269 3149; x_wconf 81' lang='lat' dir='ltr'>gister</span> <span class='ocrx_word' id='word_1_300' title='bbox 288 3079 360 3134; x_wconf 86' lang='lat' dir='ltr'>sacri</span> <span class='ocrx_word' id='word_1_301' title='bbox 379 3079 475 3146; x_wconf 87' lang='lat' dir='ltr'>palatii</span> <span class='ocrx_word' id='word_1_302' title='bbox 494 3079 552 3132; x_wconf 79' lang='lat' dir='ltr'>nult</span> <span class='ocrx_word' id='word_1_303' title='bbox 570 3077 703 3145; x_wconf 87' lang='lat' dir='ltr'>probare,</span> <span class='ocrx_word' id='word_1_304' title='bbox 724 3079 796 3146; x_wconf 88' lang='lat' dir='ltr'>quod</span> <span class='ocrx_word' id='word_1_305' title='bbox 815 3078 946 3133; x_wconf 83' lang='lat' dir='ltr'>Erasmus</span> <span class='ocrx_word' id='word_1_306' title='bbox 965 3087 1007 3133; x_wconf 91' lang='lat' dir='ltr'>est</span> <span class='ocrx_word' id='word_1_307' title='bbox 1025 3081 1179 3134; x_wconf 89' lang='lat' dir='ltr'>haereticus</span> <span class='ocrx_word' id='word_1_308' title='bbox 1186 3083 1209 3148; x_wconf 66' lang='lat'>;²‘</span> <span class='ocrx_word' id='word_1_309' title='bbox 1230 3094 1339 3146; x_wconf 86' lang='lat' dir='ltr'>papam,</span> 
     </span>
     <span class='ocr_line' id='line_1_36' title="bbox 181 3149 1339 3218; baseline -0.003 -13"><span class='ocrx_word' id='word_1_310' title='bbox 181 3152 224 3205; x_wconf 90' lang='lat' dir='ltr'>cui</span> <span class='ocrx_word' id='word_1_311' title='bbox 242 3151 306 3204; x_wconf 89' lang='lat' dir='ltr'>novi</span> <span class='ocrx_word' id='word_1_312' title='bbox 325 3150 482 3204; x_wconf 86' lang='lat' dir='ltr'>testamenti</span> <span class='ocrx_word' id='word_1_313' title='bbox 507 3149 653 3203; x_wconf 88' lang='lat' dir='ltr'>editionem</span> <span class='ocrx_word' id='word_1_314' title='bbox 672 3149 847 3215; x_wconf 89' lang='lat' dir='ltr'>dedicaverit,</span> <span class='ocrx_word' id='word_1_315' title='bbox 867 3165 927 3204; x_wconf 87' lang='lat' dir='ltr'>earn</span> <span class='ocrx_word' id='word_1_316' title='bbox 944 3156 1022 3204; x_wconf 88' lang='lat' dir='ltr'>certo</span> <span class='ocrx_word' id='word_1_317' title='bbox 1044 3149 1249 3217; x_wconf 89' lang='lat' dir='ltr'>repudiaturum</span> <span class='ocrx_word' id='word_1_318' title='bbox 1268 3164 1339 3218; x_wconf 89' lang='lat' dir='ltr'>esse,</span> 
     </span>
     <span class='ocr_line' id='line_1_37' title="bbox 182 3219 1216 3289; baseline 0 -14"><span class='ocrx_word' id='word_1_319' title='bbox 182 3238 264 3289; x_wconf 89' lang='lat' dir='ltr'>quum</span> <span class='ocrx_word' id='word_1_320' title='bbox 282 3221 453 3274; x_wconf 87' lang='lat' dir='ltr'>Parisienscs</span> <span class='ocrx_word' id='word_1_321' title='bbox 473 3220 589 3274; x_wconf 85' lang='lat' dir='ltr'>Mariam</span> <span class='ocrx_word' id='word_1_322' title='bbox 608 3219 690 3274; x_wconf 89' lang='lat' dir='ltr'>velint</span> <span class='ocrx_word' id='word_1_323' title='bbox 710 3235 894 3274; x_wconf 87' lang='lat' dir='ltr'>concremare.</span> <span class='ocrx_word' id='word_1_324' title='bbox 930 3220 994 3275; x_wconf 92' lang='lat' dir='ltr'>ibid.</span> <span class='ocrx_word' id='word_1_325' title='bbox 1014 3220 1044 3274; x_wconf 87' lang='lat' dir='ltr'>P.</span> <span class='ocrx_word' id='word_1_326' title='bbox 1065 3221 1091 3272; x_wconf 94' lang='grc' dir='ltr'>ΙΙ</span> <span class='ocrx_word' id='word_1_327' title='bbox 1110 3237 1136 3288; x_wconf 91' lang='lat' dir='ltr'>p.</span> <span class='ocrx_word' id='word_1_328' title='bbox 1155 3222 1216 3276; x_wconf 84' lang='lat'>307.</span> 
     </span>
    </p>

    <p class='ocr_par' dir='ltr' id='par_1_7' title="bbox 181 3289 1340 3641">
     <span class='ocr_line' id='line_1_38' title="bbox 289 3289 1339 3358; baseline -0.002 -14"><span class='ocrx_word' id='word_1_329' title='bbox 289 3290 417 3358; x_wconf 79' lang='lat' dir='ltr'>Quamvis</span> <span class='ocrx_word' id='word_1_330' title='bbox 447 3289 586 3344; x_wconf 88' lang='lat' dir='ltr'>Huttenus</span> <span class='ocrx_word' id='word_1_331' title='bbox 616 3297 716 3357; x_wconf 88' lang='lat' dir='ltr'>postea</span> <span class='ocrx_word' id='word_1_332' title='bbox 742 3290 859 3346; x_wconf 87' lang='lat' dir='ltr'>Erasmo</span> <span class='ocrx_word' id='word_1_333' title='bbox 888 3290 1015 3358; x_wconf 86' lang='lat' dir='ltr'>objiciat,</span> <span class='ocrx_word' id='word_1_334' title='bbox 1042 3290 1250 3358; x_wconf 83' lang='lat' dir='ltr'>(Expostulatio</span> <span class='ocrx_word' id='word_1_335' title='bbox 1278 3305 1339 3342; x_wconf 91' lang='lat' dir='ltr'>cum</span> 
     </span>
     <span class='ocr_line' id='line_1_39' title="bbox 182 3359 1339 3430; baseline -0.002 -16"><span class='ocrx_word' id='word_1_336' title='bbox 182 3362 297 3416; x_wconf 83' lang='lat' dir='ltr'>Erasmo</span> <span class='ocrx_word' id='word_1_337' title='bbox 316 3361 440 3428; x_wconf 83' lang='lat' dir='ltr'>Bbcking</span> <span class='ocrx_word' id='word_1_338' title='bbox 464 3360 581 3414; x_wconf 89' lang='lat' dir='ltr'>Hutteni</span> <span class='ocrx_word' id='word_1_339' title='bbox 601 3359 668 3428; x_wconf 90' lang='lat' dir='ltr'>Opp.</span> <span class='ocrx_word' id='word_1_340' title='bbox 688 3363 703 3415; x_wconf 93' lang='lat' dir='ltr'>l.</span> <span class='ocrx_word' id='word_1_341' title='bbox 724 3377 747 3414; x_wconf 90' lang='lat' dir='ltr'>c.</span> <span class='ocrx_word' id='word_1_342' title='bbox 765 3363 816 3414; x_wconf 89' lang='lat' dir='ltr'>vol.</span> <span class='ocrx_word' id='word_1_343' title='bbox 839 3361 866 3414; x_wconf 94' lang='grc' dir='ltr'>ΙΙ</span> <span class='ocrx_word' id='word_1_344' title='bbox 885 3377 909 3428; x_wconf 92' lang='lat' dir='ltr'>p.</span> <span class='ocrx_word' id='word_1_345' title='bbox 932 3361 1227 3430; x_wconf 72' lang='lat' dir='ltr'>198-99JErasmum</span> <span class='ocrx_word' id='word_1_346' title='bbox 1252 3360 1339 3428; x_wconf 90' lang='lat' dir='ltr'>primo</span> 
     </span>
     <span class='ocr_line' id='line_1_40' title="bbox 182 3430 1339 3500; baseline -0.003 -13"><span class='ocrx_word' id='word_1_347' title='bbox 182 3433 309 3500; x_wconf 84' lang='lat' dir='ltr'>epistolas</span> <span class='ocrx_word' id='word_1_348' title='bbox 330 3431 406 3488; x_wconf 89' lang='lat' dir='ltr'>obsc.</span> <span class='ocrx_word' id='word_1_349' title='bbox 423 3431 471 3484; x_wconf 89' lang='lat' dir='ltr'>vir.</span> <span class='ocrx_word' id='word_1_350' title='bbox 491 3430 626 3498; x_wconf 86' lang='lat' dir='ltr'>laudasse,</span> <span class='ocrx_word' id='word_1_351' title='bbox 644 3431 696 3484; x_wconf 90' lang='lat' dir='ltr'>hoc</span> <span class='ocrx_word' id='word_1_352' title='bbox 709 3438 801 3486; x_wconf 89' lang='lat' dir='ltr'>tamen</span> <span class='ocrx_word' id='word_1_353' title='bbox 821 3431 909 3484; x_wconf 89' lang='lat' dir='ltr'>solum</span> <span class='ocrx_word' id='word_1_354' title='bbox 921 3447 1016 3486; x_wconf 87' lang='lat' dir='ltr'>verum</span> <span class='ocrx_word' id='word_1_355' title='bbox 1035 3438 1088 3500; x_wconf 88' lang='lat' dir='ltr'>est,</span> <span class='ocrx_word' id='word_1_356' title='bbox 1107 3448 1169 3487; x_wconf 88' lang='lat' dir='ltr'>eum</span> <span class='ocrx_word' id='word_1_357' title='bbox 1182 3431 1252 3484; x_wconf 91' lang='lat' dir='ltr'>libro</span> <span class='ocrx_word' id='word_1_358' title='bbox 1272 3447 1339 3483; x_wconf 90' lang='lat' dir='ltr'>non-</span> 
     </span>
     <span class='ocr_line' id='line_1_41' title="bbox 182 3501 1340 3570; baseline -0.003 -14"><span class='ocrx_word' id='word_1_359' title='bbox 182 3503 244 3557; x_wconf 90' lang='lat' dir='ltr'>dum</span> <span class='ocrx_word' id='word_1_360' title='bbox 269 3502 341 3557; x_wconf 91' lang='lat' dir='ltr'>edito</span> <span class='ocrx_word' id='word_1_361' title='bbox 370 3517 451 3556; x_wconf 91' lang='lat' dir='ltr'>unam</span> <span class='ocrx_word' id='word_1_362' title='bbox 480 3501 624 3568; x_wconf 88' lang='lat' dir='ltr'>epistolam</span> <span class='ocrx_word' id='word_1_363' title='bbox 651 3501 760 3555; x_wconf 86' lang='lat' dir='ltr'>minime</span> <span class='ocrx_word' id='word_1_364' title='bbox 779 3502 973 3570; x_wconf 87' lang='lat' dir='ltr'>periculosam,</span> <span class='ocrx_word' id='word_1_365' title='bbox 1000 3519 1081 3570; x_wconf 90' lang='lat' dir='ltr'>quam</span> <span class='ocrx_word' id='word_1_366' title='bbox 1106 3518 1187 3556; x_wconf 90' lang='lat' dir='ltr'>manu</span> <span class='ocrx_word' id='word_1_367' title='bbox 1212 3501 1340 3569; x_wconf 89' lang='lat' dir='ltr'>scriptam</span> 
     </span>
     <span class='ocr_line' id='line_1_42' title="bbox 181 3571 1326 3641; baseline 0.001 -14"><span class='ocrx_word' id='word_1_368' title='bbox 181 3579 335 3641; x_wconf 86' lang='lat' dir='ltr'>acceperat,</span> <span class='ocrx_word' id='word_1_369' title='bbox 356 3571 488 3626; x_wconf 87' lang='lat' dir='ltr'>laudasse.</span> <span class='ocrx_word' id='word_1_370' title='bbox 525 3571 655 3639; x_wconf 83' lang='lat' dir='ltr'>(Spongia</span> <span class='ocrx_word' id='word_1_371' title='bbox 674 3571 783 3626; x_wconf 82' lang='lat' dir='ltr'>Erasmi</span> <span class='ocrx_word' id='word_1_372' title='bbox 800 3572 925 3640; x_wconf 83' lang='lat' dir='ltr'>Bbcking</span> <span class='ocrx_word' id='word_1_373' title='bbox 945 3574 959 3626; x_wconf 92' lang='grc' dir='ltr'>Ι.</span> <span class='ocrx_word' id='word_1_374' title='bbox 979 3588 1002 3630; x_wconf 86' lang='lat' dir='ltr'>c.</span> <span class='ocrx_word' id='word_1_375' title='bbox 1021 3573 1071 3627; x_wconf 86' lang='lat' dir='ltr'>rol.</span> <span class='ocrx_word' id='word_1_376' title='bbox 1091 3573 1118 3626; x_wconf 95' lang='grc' dir='ltr'>ΙΙ</span> <span class='ocrx_word' id='word_1_377' title='bbox 1138 3590 1163 3640; x_wconf 90' lang='lat' dir='ltr'>p.</span> <span class='ocrx_word' id='word_1_378' title='bbox 1183 3571 1326 3640; x_wconf 76' lang='lat' dir='ltr'>art—78).</span> 
     </span>
    </p>

    <p class='ocr_par' dir='ltr' id='par_1_8' title="bbox 182 3641 1340 3780">
     <span class='ocr_line' id='line_1_43' title="bbox 289 3641 1340 3710; baseline -0.001 -15"><span class='ocrx_word' id='word_1_379' title='bbox 289 3641 310 3710; x_wconf 74' lang='lat'>2)</span> <span class='ocrx_word' id='word_1_380' title='bbox 329 3641 462 3710; x_wconf 84' lang='lat' dir='ltr'>Epistolis</span> <span class='ocrx_word' id='word_1_381' title='bbox 481 3641 551 3695; x_wconf 84' lang='lat' dir='ltr'>obse.</span> <span class='ocrx_word' id='word_1_382' title='bbox 571 3641 621 3694; x_wconf 85' lang='lat' dir='ltr'>vir.</span> <span class='ocrx_word' id='word_1_383' title='bbox 634 3641 743 3696; x_wconf 86' lang='lat' dir='ltr'>Erasmi</span> <span class='ocrx_word' id='word_1_384' title='bbox 762 3643 880 3696; x_wconf 88' lang='lat' dir='ltr'>animum</span> <span class='ocrx_word' id='word_1_385' title='bbox 893 3643 928 3696; x_wconf 88' lang='lat' dir='ltr'>ad</span> <span class='ocrx_word' id='word_1_386' title='bbox 945 3643 1161 3698; x_wconf 87' lang='lat' dir='ltr'>moderationem</span> <span class='ocrx_word' id='word_1_387' title='bbox 1175 3649 1340 3696; x_wconf 88' lang='lat' dir='ltr'>commotum</span> 
     </span>
     <span class='ocr_line' id='line_1_44' title="bbox 182 3709 1140 3780; baseline -0.001 -13"><span class='ocrx_word' id='word_1_388' title='bbox 182 3727 242 3768; x_wconf 88' lang='lat' dir='ltr'>esse</span> <span class='ocrx_word' id='word_1_389' title='bbox 262 3713 327 3766; x_wconf 91' lang='lat' dir='ltr'>dicit</span> <span class='ocrx_word' id='word_1_390' title='bbox 344 3711 552 3779; x_wconf 85' lang='lat' dir='ltr'>Kampschnlte:</span> <span class='ocrx_word' id='word_1_391' title='bbox 589 3709 736 3779; x_wconf 76' lang='lat' dir='ltr'>Unioetlittt</span> <span class='ocrx_word' id='word_1_392' title='bbox 755 3711 845 3780; x_wconf 69' lang='lat' dir='ltr'>briant</span> <span class='ocrx_word' id='word_1_393' title='bbox 863 3713 915 3767; x_wconf 87' lang='lat' dir='ltr'>vol.</span> <span class='ocrx_word' id='word_1_394' title='bbox 933 3713 946 3766; x_wconf 96' lang='lat' dir='ltr'>I</span> <span class='ocrx_word' id='word_1_395' title='bbox 964 3729 991 3780; x_wconf 84' lang='lat' dir='ltr'>p.</span> <span class='ocrx_word' id='word_1_396' title='bbox 1010 3715 1140 3766; x_wconf 82' lang='lat'>227—28.</span> 
     </span>
    </p>

    <p class='ocr_par' dir='ltr' id='par_1_9' title="bbox 182 3781 1341 4061">
     <span class='ocr_line' id='line_1_45' title="bbox 287 3781 1339 3851; baseline 0.001 -17"><span class='ocrx_word' id='word_1_397' title='bbox 287 3782 336 3840; x_wconf 85' lang='lat' dir='ltr'>Er.</span> <span class='ocrx_word' id='word_1_398' title='bbox 354 3783 449 3851; x_wconf 88' lang='lat' dir='ltr'>incipit</span> <span class='ocrx_word' id='word_1_399' title='bbox 463 3781 522 3850; x_wconf 89' lang='lat' dir='ltr'>jam</span> <span class='ocrx_word' id='word_1_400' title='bbox 540 3783 633 3835; x_wconf 87' lang='lat' dir='ltr'>statim</span> <span class='ocrx_word' id='word_1_401' title='bbox 652 3797 682 3836; x_wconf 91' lang='lat' dir='ltr'>se</span> <span class='ocrx_word' id='word_1_402' title='bbox 700 3797 833 3837; x_wconf 86' lang='lat' dir='ltr'>excusare</span> <span class='ocrx_word' id='word_1_403' title='bbox 852 3782 886 3837; x_wconf 93' lang='lat' dir='ltr'>ob</span> <span class='ocrx_word' id='word_1_404' title='bbox 899 3785 1018 3850; x_wconf 87' lang='lat' dir='ltr'>priorem</span> <span class='ocrx_word' id='word_1_405' title='bbox 1036 3783 1283 3850; x_wconf 90' lang='lat' dir='ltr'>intemperantiam,</span> <span class='ocrx_word' id='word_1_406' title='bbox 1302 3782 1339 3850; x_wconf 89' lang='lat' dir='ltr'>id,</span> 
     </span>
     <span class='ocr_line' id='line_1_46' title="bbox 182 3852 1339 3922; baseline -0.002 -14"><span class='ocrx_word' id='word_1_407' title='bbox 182 3853 254 3922; x_wconf 88' lang='lat' dir='ltr'>quod</span> <span class='ocrx_word' id='word_1_408' title='bbox 273 3859 369 3920; x_wconf 89' lang='lat' dir='ltr'>postea</span> <span class='ocrx_word' id='word_1_409' title='bbox 396 3854 424 3906; x_wconf 95' lang='lat' dir='ltr'>in</span> <span class='ocrx_word' id='word_1_410' title='bbox 444 3853 504 3920; x_wconf 85' lang='lat' dir='ltr'>ejus</span> <span class='ocrx_word' id='word_1_411' title='bbox 533 3852 620 3906; x_wconf 87' lang='lat' dir='ltr'>literis</span> <span class='ocrx_word' id='word_1_412' title='bbox 645 3869 676 3906; x_wconf 88' lang='lat' dir='ltr'>ac</span> <span class='ocrx_word' id='word_1_413' title='bbox 695 3853 771 3907; x_wconf 85' lang='lat' dir='ltr'>libris</span> <span class='ocrx_word' id='word_1_414' title='bbox 799 3853 881 3908; x_wconf 88' lang='lat' dir='ltr'>toties</span> <span class='ocrx_word' id='word_1_415' title='bbox 909 3854 1058 3921; x_wconf 83' lang='lat' dir='ltr'>invenitur3</span> <span class='ocrx_word' id='word_1_416' title='bbox 1087 3853 1152 3907; x_wconf 90' lang='lat' dir='ltr'>dicit</span> <span class='ocrx_word' id='word_1_417' title='bbox 1177 3869 1219 3907; x_wconf 82' lang='lat' dir='ltr'>ex.</span> <span class='ocrx_word' id='word_1_418' title='bbox 1242 3869 1286 3920; x_wconf 85' lang='lat' dir='ltr'>gr.</span> <span class='ocrx_word' id='word_1_419' title='bbox 1310 3852 1339 3906; x_wconf 92' lang='grc'>111</span> 
     </span>
     <span class='ocr_line' id='line_1_47' title="bbox 183 3922 1341 3994; baseline -0.002 -15"><span class='ocrx_word' id='word_1_420' title='bbox 183 3924 306 3992; x_wconf 89' lang='lat' dir='ltr'>epistolis</span> <span class='ocrx_word' id='word_1_421' title='bbox 324 3939 351 3990; x_wconf 92' lang='lat' dir='ltr'>p.</span> <span class='ocrx_word' id='word_1_422' title='bbox 372 3925 440 3976; x_wconf 83' lang='lat'>1622</span> <span class='ocrx_word' id='word_1_423' title='bbox 458 3929 486 3978; x_wconf 88' lang='lat' dir='ltr'>et</span> <span class='ocrx_word' id='word_1_424' title='bbox 505 3939 531 3990; x_wconf 85' lang='lat' dir='ltr'>p.</span> <span class='ocrx_word' id='word_1_425' title='bbox 552 3922 620 3978; x_wconf 83' lang='grc'><strong>1626</strong></span> <span class='ocrx_word' id='word_1_426' title='bbox 640 3923 784 3990; x_wconf 82' lang='lat' dir='ltr'>„Lusimus</span> <span class='ocrx_word' id='word_1_427' title='bbox 803 3930 831 3977; x_wconf 91' lang='lat' dir='ltr'>et</span> <span class='ocrx_word' id='word_1_428' title='bbox 848 3939 898 3978; x_wconf 87' lang='lat' dir='ltr'>nos</span> <span class='ocrx_word' id='word_1_429' title='bbox 918 3923 978 3977; x_wconf 90' lang='lat' dir='ltr'>olim</span> <span class='ocrx_word' id='word_1_430' title='bbox 998 3924 1026 3976; x_wconf 91' lang='lat' dir='ltr'>in</span> <span class='ocrx_word' id='word_1_431' title='bbox 1045 3924 1147 3994; x_wconf 88' lang='lat' dir='ltr'>Moria;</span> <span class='ocrx_word' id='word_1_432' title='bbox 1174 3923 1222 3977; x_wconf 87' lang='lat' dir='ltr'>sed</span> <span class='ocrx_word' id='word_1_433' title='bbox 1240 3923 1341 3977; x_wconf 87' lang='lat' dir='ltr'>nullius</span> 
     </span>
     <span class='ocr_line' id='line_1_48' title="bbox 182 3993 560 4061; baseline -0.005 -13"><span class='ocrx_word' id='word_1_434' title='bbox 182 4011 280 4050; x_wconf 89' lang='lat' dir='ltr'>nomeu</span> <span class='ocrx_word' id='word_1_435' title='bbox 298 3993 475 4061; x_wconf 83' lang='lat' dir='ltr'>perstrictum</span> <span class='ocrx_word' id='word_1_436' title='bbox 494 3994 560 4047; x_wconf 85' lang='lat' dir='ltr'>est.“</span> 
     </span>
    </p>

    <p class='ocr_par' dir='ltr' id='par_1_10' title="bbox 182 4063 1341 4344">
     <span class='ocr_line' id='line_1_49' title="bbox 288 4063 1341 4132; baseline -0.001 -13"><span class='ocrx_word' id='word_1_437' title='bbox 288 4063 463 4119; x_wconf 77' lang='lat' dir='ltr'>Colonienses</span> <span class='ocrx_word' id='word_1_438' title='bbox 482 4063 602 4130; x_wconf 89' lang='lat' dir='ltr'>theologi</span> <span class='ocrx_word' id='word_1_439' title='bbox 622 4063 673 4117; x_wconf 90' lang='lat' dir='ltr'>hoo</span> <span class='ocrx_word' id='word_1_440' title='bbox 698 4065 778 4118; x_wconf 89' lang='lat' dir='ltr'>animi</span> <span class='ocrx_word' id='word_1_441' title='bbox 796 4063 904 4118; x_wconf 82' lang='lat' dir='ltr'>Erasini</span> <span class='ocrx_word' id='word_1_442' title='bbox 922 4065 1074 4119; x_wconf 87' lang='lat' dir='ltr'>mutatione</span> <span class='ocrx_word' id='word_1_443' title='bbox 1093 4065 1137 4119; x_wconf 88' lang='lat' dir='ltr'>usi</span> <span class='ocrx_word' id='word_1_444' title='bbox 1155 4071 1232 4132; x_wconf 89' lang='lat' dir='ltr'>sunt,</span> <span class='ocrx_word' id='word_1_445' title='bbox 1257 4071 1288 4119; x_wconf 91' lang='lat' dir='ltr'>ut</span> <span class='ocrx_word' id='word_1_446' title='bbox 1307 4079 1341 4118; x_wconf 87' lang='lat' dir='ltr'>ea</span> 
     </span>
     <span class='ocr_line' id='line_1_50' title="bbox 183 4132 1340 4202; baseline -0.002 -12"><span class='ocrx_word' id='word_1_447' title='bbox 183 4135 386 4190; x_wconf 86' lang='lat' dir='ltr'>Reuchlinistas</span> <span class='ocrx_word' id='word_1_448' title='bbox 400 4132 477 4201; x_wconf 83' lang='lat' dir='ltr'>gravi</span> <span class='ocrx_word' id='word_1_449' title='bbox 488 4134 598 4189; x_wconf 80' lang='lat' dir='ltr'>nituere</span> <span class='ocrx_word' id='word_1_450' title='bbox 611 4133 724 4189; x_wconf 85' lang='lat' dir='ltr'>affectos</span> <span class='ocrx_word' id='word_1_451' title='bbox 738 4135 953 4202; x_wconf 89' lang='lat' dir='ltr'>pronunciarent</span> <span class='ocrx_word' id='word_1_452' title='bbox 965 4135 993 4189; x_wconf 93' lang='lat' dir='ltr'>in</span> <span class='ocrx_word' id='word_1_453' title='bbox 1006 4135 1255 4190; x_wconf 89' lang='lat' dir='ltr'>Lamentationibus</span> <span class='ocrx_word' id='word_1_454' title='bbox 1265 4135 1340 4188; x_wconf 87' lang='lat' dir='ltr'>obse.</span> 
     </span>
     <span class='ocr_line' id='line_1_51' title="bbox 182 4203 1340 4276; baseline -0.001 -17"><span class='ocrx_word' id='word_1_455' title='bbox 182 4207 230 4262; x_wconf 86' lang='lat' dir='ltr'>vir.</span> <span class='ocrx_word' id='word_1_456' title='bbox 249 4223 273 4261; x_wconf 89' lang='lat' dir='ltr'>a.</span> <span class='ocrx_word' id='word_1_457' title='bbox 295 4207 362 4260; x_wconf 80' lang='lat'>1518</span> <span class='ocrx_word' id='word_1_458' title='bbox 381 4203 475 4258; x_wconf 89' lang='lat' dir='ltr'>editis:</span> <span class='ocrx_word' id='word_1_459' title='bbox 495 4203 675 4276; x_wconf 88' lang='lat' dir='ltr'>humanistam</span> <span class='ocrx_word' id='word_1_460' title='bbox 694 4205 828 4273; x_wconf 88' lang='lat' dir='ltr'>quendam</span> <span class='ocrx_word' id='word_1_461' title='bbox 846 4204 982 4260; x_wconf 89' lang='lat' dir='ltr'>dicentem</span> <span class='ocrx_word' id='word_1_462' title='bbox 994 4205 1109 4260; x_wconf 86' lang='lat' dir='ltr'>faciunt:</span> <span class='ocrx_word' id='word_1_463' title='bbox 1130 4214 1191 4274; x_wconf 87' lang='lat' dir='ltr'>„est</span> <span class='ocrx_word' id='word_1_464' title='bbox 1210 4206 1340 4260; x_wconf 89' lang='lat' dir='ltr'>acerbum</span> 
     </span>
     <span class='ocr_line' id='line_1_52' title="bbox 183 4274 1340 4344; baseline -0.003 -13"><span class='ocrx_word' id='word_1_465' title='bbox 183 4293 199 4331; x_wconf 85' lang='lat' dir='ltr'>a</span> <span class='ocrx_word' id='word_1_466' title='bbox 218 4276 304 4330; x_wconf 89' lang='lat' dir='ltr'>doctis</span> <span class='ocrx_word' id='word_1_467' title='bbox 322 4274 387 4330; x_wconf 86' lang='lat' dir='ltr'>viris</span> <span class='ocrx_word' id='word_1_468' title='bbox 406 4275 551 4343; x_wconf 88' lang='lat' dir='ltr'>contemni,</span> <span class='ocrx_word' id='word_1_469' title='bbox 570 4275 697 4330; x_wconf 86' lang='lat' dir='ltr'>acerbius</span> <span class='ocrx_word' id='word_1_470' title='bbox 716 4275 825 4330; x_wconf 84' lang='lat' dir='ltr'>edocto</span> <span class='ocrx_word' id='word_1_471' title='bbox 845 4282 873 4330; x_wconf 89' lang='lat' dir='ltr'>et</span> <span class='ocrx_word' id='word_1_472' title='bbox 892 4276 1023 4343; x_wconf 87' lang='lat' dir='ltr'>sapiente.</span> <span class='ocrx_word' id='word_1_473' title='bbox 1062 4276 1131 4344; x_wconf 78' lang='lat' dir='ltr'>Quid</span> <span class='ocrx_word' id='word_1_474' title='bbox 1144 4276 1249 4331; x_wconf 77' lang='lat' dir='ltr'>multa?</span> <span class='ocrx_word' id='word_1_475' title='bbox 1267 4291 1340 4344; x_wconf 76' lang='lat' dir='ltr'>mag-</span> 
     </span>
    </p>
   </div>
   <div class='ocr_carea' id='block_1_6' title="bbox 0 0 1600 5120">
    <p class='ocr_par' dir='ltr' id='par_1_11' title="bbox 0 0 1600 5120">
     <span class='ocr_line' id='line_1_53' title="bbox 0 0 1600 5120; baseline 0 0"><span class='ocrx_word' id='word_1_476' title='bbox 0 0 1600 5120; x_wconf 95' lang='lat' dir='ltr'> </span> 
     </span>
    </p>
   </div>
  </div>
 </body>
</html>
