3172 5120
806 247 847 307 42

247 435 319 499 nes,
348 417 393 497 ,si
416 417 559 499 displicet
579 418 661 500 legis
683 419 884 498 vocabulum,
917 419 1143 502 amplectamur
1165 425 1327 501 tamquam
1350 437 1402 486 sa·

249 505 353 571 lubria
376 506 535 571 consilia.“
556 510 580 584 1)

337 591 388 659 Sic
410 593 444 658 in
466 593 614 660 ecclesiae
630 595 905 660 constitutionibus
927 594 1033 676 legum
1053 599 1199 660 naturam
1221 600 1401 674 attenuans,

250 681 306 746 sed
328 699 437 748 earum
459 681 500 746 ad
521 681 672 763 pietatem
704 683 813 749 utilem
845 701 936 748 usum
966 700 1082 764 urgens
1109 683 1205 748 etiam
1234 684 1273 748 iis
1296 682 1403 748 reddit

225 798 229 818 ι
247 768 518 850 acceptabiliores,
539 771 597 851 qui
618 769 703 850 leges
726 770 908 836 humanitus
930 770 1022 835 datas
1047 770 1190 836 oderunt.

337 856 370 922 si
392 857 470 922 haec
492 875 549 924 sna
572 857 702 924 consilia
724 859 948 938 observentur,
980 858 1094 939 quibus
1120 863 1228 922 tamen
1250 857 1399 924 ecclesiae

247 945 437 1010 decisionem
460 945 539 1010 nolit
561 946 742 1027 praecipere
756 949 795 1029 ²),
818 951 914 1028 atque
938 945 1107 1012 concordes
1122 964 1231 1012 omues
1246 945 1400 1028 synodum

249 1038 431 1114 expectent,
454 1032 629 1114 pollicetur,
653 1034 767 1099 Esaiae
797 1035 893 1098 uerba
921 1033 1085 1115 impletum
1107 1033 1162 1098 iri:
1201 1038 1251 1113 „et
1278 1033 1400 1099 sedebit

246 1119 381 1204 populus
403 1121 436 1186 in
457 1120 688 1203 pulchritudine
719 1123 808 1204 pacis
837 1125 869 1186 et
898 1123 932 1187 iu
961 1121 1174 1187 tabernaculis
1206 1120 1339 1187 fiduciae
1367 1127 1400 1201 et

245 1209 280 1273 iu
301 1210 409 1289 requie
432 1209 588 1291 opulenta,
610 1211 738 1292 jamque
761 1208 854 1275 simul
876 1227 984 1275 omnes
1007 1228 1068 1276 ιιιιο
1085 1227 1139 1274 ore
1154 1209 1244 1274 nobis
1267 1210 1400 1274 invicem

243 1295 444 1379 gratulantes
466 1296 618 1362 dicemus:
652 1316 746 1380 quam
777 1297 925 1363 amabilia
952 1297 1160 1362 tabernacula
1188 1303 1244 1362 tna
1267 1296 1400 1362 Domine

152 1451 154 1457 ,
248 1385 432 1451 mantuus
449 1386 474 1466 ι)
579 1393 582 1398 ·

333 1472 496 1537 Postremo
519 1471 577 1536 hoc
600 1473 681 1538 libro
704 1474 857 1538 Erasmus
880 1471 986 1538 studia
1007 1472 1126 1536 irenica
1146 1472 1252 1536 verbis
1275 1471 1399 1554 publice

244 1560 459 1642 pronunciatis
492 1560 680 1641 declaravit;
722 1561 764 1625 ad
793 1561 876 1628 uitae
905 1579 943 1626 ac
971 1560 1146 1626 studiorum
1176 1556 1270 1624 finem
1301 1577 1400 1640 nsque

243 1654 442 1730 provenerat.
485 1646 549 1713 Sed
571 1647 673 1714 elucet
695 1649 727 1714 id
749 1649 889 1730 quidem:
912 1649 997 1714 idem
1018 1649 1139 1712 animus
1160 1646 1218 1712 fuit
1241 1645 1399 1729 pacificus

245 1737 329 1801 idem
351 1737 428 1800 citra
455 1735 606 1801 ecclesiae
637 1738 859 1801 auctoritatem
890 1735 1041 1802 ecclesiae
1069 1735 1288 1801 reformandae
1318 1735 1400 1800 desi-

242 1824 376 1903 derium,
399 1822 509 1888 eadem
531 1825 704 1904 persuasio,
729 1824 810 1889 hanc
832 1822 1087 1889 reformationem
1109 1823 1277 1904 praecipue
1305 1826 1400 1904 atque

245 1911 346 1994 primo
369 1911 403 1976 in
425 1911 562 1976 moribus
586 1912 779 1993 corrigendis
809 1912 980 1977 consistere
1012 1911 1138 1990 debere,
1174 1911 1322 1992 dogmata
1344 1910 1399 1974 mi·

242 2001 328 2064 noris
352 2000 502 2063 momenti
524 2017 609 2079 esse,
642 2017 722 2080 quae
754 2018 792 2063 ex
820 1999 879 2064 hoc
906 1999 988 2064 libro
1012 2005 1243 2082 cognoscuntur
1265 2002 1297 2062 et
1319 2015 1400 2078 quae

242 2088 311 2168 ejus
333 2086 513 2168 opinionum
535 2089 609 2151 ante
576 2086 763 2152 tLutheri
785 2093 895 2152 natam
918 2105 1046 2154 causam
1069 2093 1292 2168 conceptarum
1314 2087 1402 2166 prin·

244 2175 326 2256 cipia
354 2180 438 2239 sunt.
414 2173 625 2245 tOmniuo
651 2193 706 2239 mu
706 2179 793 2240 tatus
826 2193 933 2240 rerum
962 2179 1026 2238 stat
1027 2192 1063 2238 us
1098 2175 1130 2240 id
1161 2174 1286 2255 quidem
1317 2172 1402 2254 apud

239 2281 315 2326 eum
337 2259 497 2341 effecit,u
475 2263 656 2328 utsomnia
679 2263 734 2328 illa
754 2272 978 2330 evanescerent
999 2268 1093 2326 restit
1053 2261 1214 2326 tituendae
1242 2260 1369 2414 petrfect
1358 2278 1402 2325 1s-

131 2368 135 2380 ι
241 2352 342 2415 simae
364 2349 471 2415 muudi
495 2349 665 2434 forina034)
689 2355 913 2416 utcontentus
937 2355 1036 2428 esset,
1069 2350 1096 2414 si
1126 2368 1275 2431 reparare
1277 2355 1384 2414 ιιοιιι

243 2436 383 2503 ferabilis
406 2456 510 2502 rerum
525 2442 688 2520 statuant
675 2439 855 2504 tadversus
871 2457 932 2518 eos,
955 2439 1008 2519 qui
1022 2439 1270 2518 praecipitarunt
1285 2437 1399 2514 omnia,

242 2525 396 2590 ecclesiae
418 2526 506 2608 leges
529 2533 562 2590 et
585 2526 770 2591 cerimonias
793 2544 856 2590 non
878 2527 1002 2594 omnino
1024 2526 1231 2608 vituperaret,
1256 2525 1399 2605 quamvis

242 2614 341 2678 etiam
363 2618 439 2678 tnnc
459 2613 697 2694 praetenderet:
746 2615 953 2693 „cerimoniae
983 2613 1023 2677 ab
1049 2613 1226 2679 hominibus
1248 2613 1401 2678 inductae

245 2702 369 2779 cedant,
393 2703 516 2783 quoties
538 2701 650 2766 harum
665 2703 829 2767 occasione
845 2701 1041 2783 periclitatur
1057 2701 1211 2782 evangelii
1226 2702 1357 2782 pietas‚“
1372 2701 1399 2782 ⁵)

244 2795 280 2852 ιιι
302 2790 397 2853 etiam
421 2789 520 2871 magis
543 2806 637 2868 quam
660 2796 754 2854 antea
776 2789 928 2854 ecclesiae
943 2790 1164 2854 auctoritatem
1185 2787 1399 2853 contenderet.

239 2875 309 2948 ,Sed
331 2876 362 2940 in
384 2877 566 2942 universum
588 2877 749 2942 doctrinae
764 2877 888 2942 Erasini
910 2877 968 2941 sub
991 2877 1075 2941 uitae
1096 2875 1159 2940 fiune
1181 2875 1308 2941 fuerunt
1331 2893 1400 2940 eae-

243 2964 326 3042 dem,
349 2981 426 3044 quas
444 2965 527 3028 circa
550 2983 667 3030 annum
686 2971 767 3029 1517
785 2967 817 3028 in
833 2983 866 3030 se
882 2964 1091 3030 stabiliverat.
1136 2964 1183 3030 Ac
1198 2964 1225 3027 si
1240 2968 1400 3046 postremo

244 3051 305 3116 hoc
326 3051 442 3116 irenico
464 3051 544 3118 libro
567 3070 638 3117 eum
661 3053 844 3118 concordiae
866 3051 1048 3118 felicitatem
1068 3069 1168 3133 paene
1191 3050 1289 3132 lyrico
1312 3055 1399 3115 motu

241 3139 467 3204 decantantem
489 3138 642 3216 audimus,
666 3140 798 3206 eandem
813 3157 921 3206 vocem
937 3158 1125 3222 cognoscere
1140 3139 1232 3204 uobis
1247 3137 1397 3215 videmur,

243 3227 381 3308 quaein
406 3226 560 3306 ,Querela
581 3227 685 3308 pacis“
711 3229 811 3308 primo
835 3234 868 3292 et
890 3235 963 3293 aute
987 3227 1103 3293 multos
1133 3244 1231 3292 annos
1259 3229 1327 3290 tam
1349 3242 1400 3290 ar-

242 3314 392 3380 dentibus
415 3314 519 3379 venbis
542 3331 652 3396 pacem
675 3315 878 3395 praedicavit.

358 3451 585 3522 1)11ιιι1.ιι.107.

357 3523 380 3590 ²)
397 3522 430 3576 de
450 3538 518 3576 sarc.
537 3538 593 3576 ecc.
614 3539 688 3581 conc
706 3539 733 3593 p.
755 3526 812 3578 107

354 3591 494 3661 ⁸ibid.p
496 3592 579 3646 ..111

353 3661 429 3716 ⁴de
448 3677 516 3718 sare.
536 3663 599 3717 eccl.
618 3678 694 3717 conc.
712 3663 727 3716 l
747 3679 770 3717 c
787 3680 814 3731 p
829 3663 1086 3718 108-109N0vam
1104 3663 1221 3718 illamac
1241 3661 1401 3716 seditiosam

243 3732 400 3788 doctrinam
418 3733 564 3787 communis
586 3732 767 3800 possessionis
793 3733 933 3788 hominum
956 3733 1128 3788 fortunarum
1146 3733 1296 3800 improbat,
1320 3746 1401 3798 quam

247 3819 306 3858 rem
323 3809 404 3858 antea
430 3803 567 3872 pristinae
595 3803 724 3858 ecclesiae
752 3803 963 3871 respondentem
993 3803 1157 3859 laudaverat
1194 3801 1274 3872 (Belli
1304 3802 1399 3855 detest.

245 3873 291 3932 fol.
310 3871 363 3941 0,)
399 3875 490 3928 Antea
508 3873 578 3928 bella
596 3874 703 3929 omuino
727 3873 851 3929 evitanda
874 3888 935 3927 esse
958 3883 1116 3942 censuerat,
1143 3889 1227 3940 quum
1247 3871 1400 3926 christiana

244 3945 339 4012 religio
367 3958 401 3998 ea
419 3950 539 4012 vetaret,
564 3959 634 3998 nunc
653 3944 764 3999 Alberto
792 3943 840 3998 Pio
868 3941 1005 4004 concedit:
1045 3945 1165 4011 ,Fatr
1192 3958 1235 3998 nne
1264 3939 1400 4009 quaedam

243 4015 367 4070 odiosius
386 4014 533 4082 scripsisse
551 4013 587 4070 ad
605 4014 770 4070 christianos
789 4030 805 4069 a
822 4013 899 4067 furiis
917 4014 1051 4068 bellorum
1069 4014 1146 4070 detes
1179 4012 1257 4068 udos
1294 4011 1347 4065 Fat
1336 4017 1397 4064 teor

243 4082 447 4139 concedendum
465 4084 638 4152 (belligerare
657 4084 716 4154 sc.‚)
736 4085 760 4138 si
778 4084 845 4139 vel'
838 4100 933 4152 iugens
962 4091 1041 4152 urget
1052 4087 1171 4140 necessit
1160 4073 1291 4142 tis'svel
1284 4081 1398 4150 insignis

244 4155 340 4210 invitat
358 4155 463 4210 utilitas
482 4169 568 4222 eaque
586 4154 727 4209 honesta.u
747 4153 800 4209 Hic
815 4154 940 4222 judicii„
943 4155 1170 4210 inconstantiam“
1191 4152 1346 4211 confitetur.
1366 4149 1401 4209 cf.

244 4225 294 4280 Er.
313 4223 447 4294 Apologia
465 4224 597 4279 adversus
618 4224 761 4279 Albertum
780 4225 865 4279 Pium
884 4241 910 4307 p.
929 4227 989 4280 272.
1010 4225 1051 4280 ed.
1070 4225 1193 4281 Basileae
1213 4227 1290 4306 1531

354 4293 1065 4364 ⁶)ApologiaadversusAlbertumPiump.122.
1279 4320 1281 4326 ·
