3172 5120
747 234 786 296 23

276 404 464 484 Priusquam
488 402 602 470 Leonis
626 404 714 470 bulla
729 405 902 470 Lutherum
919 406 1072 470 damnans
1088 407 1214 489 prodiit,
1238 426 1348 488 pacem

184 493 314 558 restitui
341 509 433 573 posse
462 494 600 571 censuit,
632 494 659 556 si
694 494 872 558 incendium
907 493 1089 559 aLuthero
1118 495 1348 560 inflammatum

184 577 343 661 flagrandi
366 581 533 644 materiam
563 582 665 662 ipsum
692 581 838 646 hauriret
865 600 966 663 neque
990 580 1147 647 Lutherus
1179 584 1347 665 impetibus

186 668 380 734 irritaretur.
396 667 420 748 1)
466 669 567 746 Quam
597 668 636 734 ob
659 687 727 732 rem
749 688 769 732 a
791 670 896 737 Leone
924 671 1035 751 petiit,
1066 674 1103 734 ut
1132 671 1347 751 pugnantibus

187 756 331 836 partibus
355 755 516 820 silentium
539 756 724 836 imponeret.
740 759 764 838 ²)
1313 831 1315 834 ,

276 843 379 920 Quum
402 847 507 906 autem
522 843 639 908 Romae
656 843 873 925 theologorum
890 844 1041 909 valuisset
1056 845 1230 910 auctoritas
1250 853 1346 926 atque

184 931 306 996 Eckius
326 931 651 1012 „diplomatophor0s“
671 932 743 996 iude
768 951 839 998 cum
859 931 963 1012 ,bulla
985 931 1141 998 terrifica“
1162 933 1306 1009 redisset,
1322 936 1347 1016 3)

185 1020 408 1100 imperatorem
439 1020 532 1084 modo
567 1025 708 1086 creatum
744 1021 831 1100 pacis
862 1029 1055 1087 assertorem
1083 1022 1115 1086 in
1145 1019 1347 1086 Germaniam

186 1113 353 1171 venturum
377 1123 448 1172 esse
480 1124 568 1189 spem
592 1107 651 1172 sibi
674 1110 862 1188 sunrpsit.4)
908 1108 1018 1190 Neque
1041 1113 1209 1176 cunctatus
1233 1115 1282 1173 est
1303 1109 1345 1183 id,

182 1195 271 1275 quod
295 1194 501 1273 desideravit,
534 1213 604 1258 cum
626 1197 694 1277 ipso
718 1197 959 1262 communicare.
1005 1196 1207 1278 Peutingero,
1241 1195 1348 1261 Caroli

187 1282 373 1360 consiliario,
399 1281 530 1347 consilia
545 1283 640 1348 Fabri
664 1284 757 1348 amici
772 1281 904 1367 afferens
929 1285 1082 1364 exposuit,
1094 1285 1122 1364 ⁵)
1146 1285 1347 1350 severitatem

181 1371 328 1435 sanando
353 1369 435 1435 malo
459 1389 521 1435 non
544 1371 705 1452 prodesse,
731 1372 836 1435 odium
859 1371 979 1436 Rornae
1002 1379 1097 1453 atque
1119 1373 1251 1436 Lutheri
1273 1392 1347 1438 auc·

185 1459 348 1525 toritatem
370 1459 510 1522 intimius
535 1457 693 1523 hominum
719 1459 864 1524 cordibus
895 1457 991 1524 infixa
1019 1477 1104 1538 esse,
1140 1478 1235 1540 quarn
1258 1466 1294 1524 ut
1316 1463 1347 1524 vi

188 1545 278 1610 evelli
301 1551 447 1625 possent,
471 1546 713 1624 demonstravit,
739 1545 915 1610 Germanos
939 1546 1061 1612 facilius
1085 1547 1251 1613 clementia
1275 1548 1347 1613 duci

181 1652 279 1714 ¹quam
303 1635 333 1697 vi
357 1633 503 1713 compelli
525 1652 627 1715 posse,
652 1633 835 1714 explicavit,
869 1635 1006 1699 remedia
1029 1636 1074 1698 ita
1097 1635 1243 1716 eligenda
1267 1653 1345 1714 esse,

183 1726 222 1785 ut
243 1722 348 1802 primo
359 1721 574 1785 restituendae
591 1722 662 1802 paci
684 1740 786 1803 neque
801 1722 959 1804 puniendo
976 1723 1125 1800 Luthero,
1150 1731 1224 1788 ante
1240 1725 1346 1788 omnia

184 1811 358 1874 servandae
397 1809 614 1888 „evangelicae
648 1810 793 1873 veritati“
828 1827 930 1890 neque
965 1810 1067 1875 solum
1109 1810 1277 1891 ,dignitati
1314 1817 1347 1876 et

182 1898 368 1962 auctoritati
389 1896 524 1961 Romani
546 1894 719 1978 pontificis“
747 1896 973 1977 provideretur.
1020 1897 1090 1962 Non
1107 1901 1239 1963 obscure
1258 1900 1344 1980 jecit,

185 1985 246 2048 sibi
269 2003 288 2048 a
310 2003 394 2066 papa
418 1984 592 2047 adhibitum
615 1985 743 2048 modum
767 1987 898 2066 ejusque
922 1985 1039 2048 bullam
1063 2003 1125 2050 non
1147 1985 1273 2065 placere
1297 1993 1345 2050 at-

181 2090 246 2151 que
268 2073 302 2134 in
325 2072 461 2136 comitiis
477 2071 672 2136 Wormatiae
688 2071 840 2137 habendis
856 2090 923 2136 rem
939 2072 1032 2138 aliter
1047 2072 1247 2138 tractandam
1263 2091 1344 2140 esse.
1374 2117 1380 2124 -

184 2157 229 2223 Ut
262 2158 321 2223 hoe
351 2160 511 2224 comitium
546 2160 725 2242 prodesset,
760 2160 973 2224 adhibendum
1004 2178 1073 2225 esse
1105 2163 1228 2226 censuit
1250 2160 1346 2227 Fabri

181 2245 351 2311 consilium
367 2253 461 2328 atque
476 2248 647 2327 proposuit,
677 2249 740 2325 ,rei
756 2266 911 2312 summam
932 2248 1060 2314 arbitris
1077 2247 1189 2327 doctis,
1212 2251 1344 2330 integris

180 2341 218 2399 et
241 2334 280 2399 ab
304 2335 388 2398 omni
411 2335 589 2415 suspicione
616 2335 745 2400 alienis“
774 2335 980 2417 delegandam
1014 2342 1046 2400 et
1081 2336 1193 2401 horum
1219 2336 1343 2416 jndiciis

182 2423 307 2503 imperii
332 2423 459 2487 decreta
482 2423 748 2488 accommodanda
778 2441 855 2488 esse.
882 2458 920 2468 -
946 2423 1133 2504 Imperatori
1165 2425 1225 2505 ipsi
1256 2426 1344 2489 dedi-

179 2510 268 2574 cavit
291 2515 387 2591 atque
411 2511 497 2574 misit
509 2509 716 2574 Wormatiam
739 2511 951 2593 paraphrasin
975 2511 1127 2592 evangelii
1145 2511 1309 2580 Matthaei.
1317 2515 1342 2598 6)

184 2597 221 2660 lu
243 2597 338 2679 hujus
357 2598 429 2661 libri
449 2599 608 2678 prooemio
624 2598 787 2664 ecclesiam
804 2618 867 2664 una
883 2600 1050 2664 concordia
1066 2601 1235 2683 persistere
1251 2618 1344 2682 posse

178 2684 368 2763 declaravit,
393 2703 474 2766 qnae
497 2703 657 2767 nunquam
680 2688 918 2765 restitueretur,
943 2689 969 2751 si
992 2689 1124 2768 quisque
1146 2687 1345 2753 obstinanter

184 2773 403 2854 mordicusque
426 2791 517 2838 snam
541 2791 668 2838 causam
691 2775 927 2854 praetenderet,
951 2793 1053 2857 neque
1076 2774 1214 2856 neglexit
1237 2776 1344 2841 admo·

109 2912 121 2920 .
182 2879 269 2940 uere,
294 2879 389 2941 quam
412 2879 541 2926 necesse
565 2869 665 2941 esset,
699 2881 807 2928 omnes
829 2863 983 2944 principes
1006 2868 1102 2944 atque
1125 2863 1266 2928 subditos
1290 2863 1344 2930 ho·

183 3018 281 3084 nitati,
309 3034 391 3086 quam
415 3018 462 3086 qui
480 3017 650 3072 odiosissime
673 3021 790 3072 clamant
813 3019 841 3071 in
859 3018 1026 3084 Lutherum,
1056 3036 1134 3075 nemo
1162 3021 1248 3086 magis
1267 3019 1343 3074 illum

179 3087 354 3142 commendat
379 3087 526 3142 affectibus
545 3088 652 3156 populi,
675 3097 731 3143 tam
750 3088 861 3156 stolide,
885 3097 941 3143 tam
960 3089 1091 3144 seditiose
1118 3105 1162 3144 res
1180 3091 1274 3157 agitur
1293 3105 1343 3156 per

183 3159 332 3212 monachos
351 3158 496 3226 quosdam,
521 3159 592 3212 inter
611 3173 680 3225 quos
699 3159 789 3212 nullus
814 3168 857 3213 est
877 3159 984 3213 habitus
1004 3161 1211 3216 virbonus...
1248 3160 1343 3213 Nullus

180 3227 325 3296 redarguit
344 3227 392 3296 (sc.
410 3227 585 3296 Lutherum),
604 3236 710 3283 tantum
729 3229 931 3290 conviciantur,
951 3245 1033 3298 saepe
1052 3231 1133 3284 etiam
1152 3230 1345 3284 mentientea.“

184 3328 216 3337 -
238 3299 302 3352 ibid.
322 3316 348 3366 p.
368 3301 449 3353 1698:
486 3299 645 3364 „Fortassis
673 3300 726 3354 hoc
754 3300 782 3352 in
809 3299 945 3354 mandatis
965 3306 1018 3366 est,
1048 3311 1078 3354 ut
1107 3301 1236 3368 quoniam
1263 3301 1343 3354 aliter

183 3370 255 3423 vinci
274 3386 327 3423 uon
340 3378 456 3437 possunt
472 3370 567 3423 hostes
581 3370 654 3424 sedis
673 3371 831 3424 Romanae.
846 3411 872 3423 ..
892 3385 995 3425 veneno
1013 3371 1143 3425 tollantur
1156 3369 1344 3425 benedictione

177 3439 335 3494 Pontificis.
372 3439 431 3493 Hae
449 3448 510 3495 arte
528 3441 600 3494 valet
618 3439 779 3495 Alcander.“
799 3440 851 3507 (ep.
871 3456 895 3494 a.
916 3442 982 3494 1521
1002 3440 1124 3508 scripta).

294 3510 313 3576 ¹)
332 3509 379 3562 Er.
399 3525 460 3578 epp.
479 3526 504 3577 p.
527 3513 607 3564 1361:
645 3511 783 3577 „Primum
805 3510 853 3563 uhi
877 3509 1037 3578 prodierunt
1055 3510 1171 3565 Lutheri
1194 3511 1292 3578 placita
1312 3510 1344 3565 de

179 3579 372 3648 indulgentiis,
392 3581 528 3634 sitentium
546 3589 607 3635 erat
625 3581 783 3648 optimum.“
802 3580 878 3634 simil.
900 3579 963 3634 ibid.
983 3597 1008 3648 p.
1029 3583 1088 3636 732.

292 3649 312 3716 2)
332 3649 379 3704 Er.
399 3666 459 3718 epp.
478 3667 504 3718 p.
523 3652 576 3704 490
593 3650 642 3704 Er.
662 3651 749 3704 Leoni
767 3649 806 3719 X;
826 3651 1004 3718 Herminjard
1023 3651 1038 3704 Ι.
1059 3667 1081 3708 c.
1101 3651 1152 3707 vol.
1171 3651 1194 3707 l.
1213 3667 1239 3718 p.
1260 3653 1301 3706 57.

293 3722 314 3789 Β)
333 3720 382 3774 Er.
400 3736 462 3788 epp.
481 3737 507 3788 p.
529 3723 610 3786 1361;
633 3737 657 3775 s.
679 3724 747 3775 1522
767 3721 814 3773 Er.
836 3720 966 3787 oeorgn,
992 3719 1124 3775 Senoniae
1144 3721 1214 3787 duci,
1233 3721 1343 3776 scribit:

178 3790 303 3859 „prodiit
322 3791 483 3846 saevissima
500 3791 575 3845 bulla
592 3807 609 3845 a
628 3789 788 3848 Pontifice.“
825 3789 887 3858 (Er.
906 3806 966 3859 epp.
987 3808 1011 3858 p.
1033 3791 1105 3859 732.)

292 3863 313 3926 ⁴)
333 3861 380 3914 Er.
400 3877 461 3928 epp.
482 3876 507 3928 p.
535 3863 615 3915 1696:
654 3861 790 3928 „Tempus
814 3870 871 3929 est,
899 3868 928 3914 ut
957 3859 1070 3916 Carolus
1096 3861 1245 3930 prospiciat
1268 3869 1343 3918 tran·

178 3929 312 3997 quillitati
330 3930 525 3986 christianae.“
544 3931 579 4001 (a.
600 3933 688 4000 1521).

292 4001 315 4068 ⁶)
334 4001 382 4054 Er.
402 4017 463 4070 epp.
481 4017 506 4069 p.
526 4005 588 4055 590-
603 4004 648 4055 -92
667 4001 836 4066 Peutingero
855 3999 872 4055 9
891 3999 960 4054 Nov.
982 4001 1057 4056 1520.

291 4071 313 4140 ⁶)
334 4071 482 4126 Bmsehar:
512 4071 656 4140 Spicilegia
668 4071 902 4140 autographorum
912 4071 1108 4125 illustrantium
1118 4073 1260 4138 rationem,
1274 4087 1344 4140 quae

181 4140 344 4196 intercessit
364 4141 480 4196 Erasmo
499 4142 684 4197 Roterodamo
704 4158 764 4196 cum
786 4142 855 4196 aulis
874 4149 902 4195 et
921 4141 1074 4196 hominibus
1098 4144 1158 4196 aevi
1177 4144 1219 4197 sui
1240 4143 1344 4210 praeci·

183 4213 246 4278 puis
266 4213 393 4279 omnique
413 4213 560 4280 republica.
597 4211 709 4280 Lipsiae
733 4228 757 4266 a.
786 4215 960 4266 1784—1802
985 4212 1152 4281 (inscriptis
1179 4212 1345 4269 solemnibus

184 4282 370 4338 universitatis
390 4282 553 4351 Lipsiensis)
571 4282 662 4352 Spicil.
682 4282 720 4336 IV
738 4298 765 4350 p.
784 4283 817 4336 V.

1406 4846 1411 4853 .

8 4849 1299 5058 -
