3172 5120
789 310 828 370 26

182 541 185 550 ,
225 485 345 550 certum
368 483 483 548 asserit
505 481 685 561 consilium,
715 489 751 545 ut
774 481 956 546 declaretur
982 481 1172 558 „ambesum
1199 481 1346 560 omnium,
1363 485 1386 558 1)

227 578 263 636 ut
286 579 392 636 autem
415 569 529 635 deinde
551 588 608 650 per
630 569 837 650 magistratus
872 587 909 633 ac
939 568 1094 649 principes
1118 586 1173 632 eae
1202 587 1253 634 res
1277 587 1387 647 novae,

227 677 307 740 quae
335 659 516 738 „minimum
540 651 662 723 faciunt
685 657 726 720 ad
742 658 903 738 pietatem,
927 655 1097 737 plurimum
1113 656 1153 720 ad
1169 657 1384 736 seditionem,“
1459 715 1461 722 .

226 748 258 810 vi
281 747 497 828 opprimantur
521 751 568 825 et,
593 745 620 809 si
643 741 711 810 fieri
733 745 848 825 possit,
878 743 979 809 libelli
999 743 1236 824 prohibeantur.
1283 745 1388 826 Atque

226 834 296 898 uult
317 833 434 916 populo
458 851 547 914 spem
566 833 634 897 dari
656 833 881 912 mutandarum
897 849 1005 895 earum
1029 849 1143 912 rerum,
1172 833 1302 912 „quibus
1325 850 1388 896 non

226 920 344 1004 injuria
366 939 400 986 se
425 921 567 1002 queritur
587 921 745 1001 gravari“‚
768 920 835 984 vult
858 919 978 985 consuli
997 919 1205 998 „explicandis
1228 918 1388 984 bominum

228 1009 456 1084 conscientiis“,
479 1007 584 1089 quoad
610 1007 717 1086 „salua
739 1009 876 1088 pietate“
903 1027 939 1072 ac
959 1007 1134 1089 „dignitate
1156 1007 1331 1088 principum
1354 1013 1388 1071 et

228 1099 463 1179 episcoporum‘
490 1095 559 1160 fieri
581 1097 690 1177 possit.
743 1095 839 1174 Nam,
875 1097 992 1176 inquit,
1025 1094 1085 1172 „ad
1111 1095 1267 1160 libertatis
1296 1094 1387 1160 dulce

161 1205 162 1217 ¹
226 1203 341 1251 nomen
363 1185 565 1266 respirabunt
588 1188 724 1249 ornnes.“
738 1185 764 1264 ²)
1292 1221 1296 1228 =

315 1272 447 1337 Praeter
470 1273 555 1353 pacis
572 1271 710 1336 studium
726 1271 865 1336 cernitur
880 1270 912 1333 in
928 1268 987 1334 hoc
1003 1269 1128 1334 Erasmi
1144 1269 1274 1335 consilio
1291 1271 1387 1334 etiam

225 1360 416 1425 desiderium
441 1359 518 1424 illud
542 1358 693 1424 eeclesiae
716 1359 853 1440 purioris
877 1356 1136 1438 simpliciorisque
1159 1357 1329 1422 faciendae.

317 1447 380 1512 Sed
402 1465 503 1528 neque
527 1447 599 1511 huic
628 1465 730 1526 neque
765 1446 810 1511 illi
841 1453 909 1510 tum
932 1443 990 1510 fuit
1018 1463 1192 1511 successus.
1245 1444 1325 1509 Nam
1357 1451 1388 1511 et

200 1614 201 1617 Ἴ
227 1537 368 1601 Adriano
393 1536 468 1600 data
491 1534 621 1599 consilia
644 1534 721 1598 nihil
736 1533 937 1615 profuerunt3
961 1532 1119 1597 Adrianus
1142 1551 1203 1597 non
1227 1533 1389 1613 respondit

227 1623 353 1688 Erasini
376 1622 539 1703 epistolae,
564 1640 665 1703 neque
693 1622 863 1703 quidquam
888 1621 1097 1686 remediorum
1121 1620 1296 1684 adhibitum
1319 1637 1388 1684 esse
1429 1667 1431 1673 ι

227 1711 379 1776 Erasmus
404 1711 557 1792 cognovit.
605 1710 708 1790 Atque
731 1709 850 1774 frustra
874 1709 966 1773 etiam
984 1706 1178 1772 Clementem
1203 1707 1270 1772 Vll.
1294 1707 1386 1771 modo

226 1817 341 1880 papam
366 1807 509 1863 creatum
532 1797 687 1862 Erasmus
712 1805 873 1862 certamen
897 1796 1145 1861 ecclesiasticum
1169 1796 1309 1860 sentiens
1334 1796 1387 1858 ad·

227 1886 374 1951 hortatus
398 1891 455 1962 est,
488 1892 523 1950 ut
547 1903 619 1949 vere
648 1893 730 1948 esset
761 1885 946 1961 clemens‚³)
978 1883 1098 1948 frustra
1128 1901 1260 1963 quoque,
1292 1901 1388 1964 quum

226 1975 268 2039 ab
292 1975 350 2038 boc
373 1992 456 2054 papa
480 1971 571 2036 Card.
589 1971 788 2053 Campegius,
811 1973 859 2038 vir
881 1971 1104 2048 moderatuse
1130 1972 1160 2034 in
1186 1969 1389 2035 Germaniam

228 2064 342 2126 missus
372 2069 469 2138 esset,
506 2060 663 2124 nonnullis
699 2060 888 2142 evarigelicis
927 2059 1118 2140 persuadere
1153 2059 1286 2136 studuit,
1320 2056 1388 2121 Cle·

227 2156 367 2214 urentem
404 2168 484 2228 „non
517 2154 581 2212 tam
612 2166 757 2212 aversum
790 2165 858 2212 esse
892 2148 932 2212 ab
961 2147 1115 2228 evangelii
1138 2148 1338 2211 sinceritate“
1357 2146 1386 2223 ὃ)

226 2245 322 2319 atque
344 2237 385 2301 ab
409 2237 558 2314 Hedione
576 2233 827 2317 Oecolampadio,
852 2234 1012 2298 Pellicano
1035 2235 1136 2316 petiit,
1161 2241 1197 2327 ut
1219 2233 1324 2316 legato
1349 2235 1388 2297 de

230 2326 378 2390 doctrinis
402 2325 556 2388 rationem
579 2323 757 2388 redderent.
772 2325 797 2406 6)

317 2411 408 2476 Nullo
443 2412 536 2476 modo
571 2412 631 2475 nisi
673 2412 831 2493 utrimque
867 2408 958 2474 factis
1000 2411 1168 2490 impetibus
1203 2425 1387 2489 responsum

227 2506 277 2566 est
299 2500 431 2564 Erasmo
454 2498 574 2580 placide
598 2498 749 2579 loquenti.
788 2500 874 2562 lnter
897 2497 1065 2562 catholicos
1090 2497 1161 2561 bine
1184 2505 1279 2577 atque
1302 2495 1388 2560 illinc

227 2588 353 2670 plurimi
370 2587 544 2652 adversarii
560 2587 645 2651 docti
661 2587 691 2649 in
709 2587 853 2666 doctique
870 2585 899 2649 ei
914 2585 1090 2666 prodibant,
1106 2583 1252 2650 monachi
1267 2584 1389 2648 concio-

228 2684 342 2740 nantes
365 2674 515 2756 populnm
543 2675 576 2738 in
599 2692 668 2737 curn
693 2673 881 2750 excitabant
916 2673 947 2736 in
971 2673 1051 2737 aulis
1073 2673 1192 2737 inimici
1214 2671 1282 2751 eJus
1305 2669 1389 2750 apud

228 2763 386 2846 principes
402 2762 586 2828 auctoritati
609 2760 772 2838 nocebant,
789 2761 849 2826 uiri
872 2760 956 2825 docti
978 2762 1010 2824 in
1033 2762 1102 2842 ejus
1121 2760 1210 2825 libris
1228 2760 1390 2824 doctrinas

228 2851 407 2916 haereticas
439 2851 643 2915 venabantur.
657 2851 681 2928 l)
733 2849 775 2913 Et
807 2849 847 2913 ab
869 2847 970 2913 altera
999 2856 1090 2928 parte
1113 2847 1287 2912 Lutberani
1318 2864 1389 2910 euru

227 2939 422 3003 desertorem
444 2955 481 3002 ac
503 2935 878 3017 transbrgamhabebant
903 2936 944 3015 id,
962 2936 1045 3016 quod
1060 2938 1086 3018 ⁸)
1103 2936 1203 3014 magis
1226 2935 1389 3015 magisque

229 3033 337 3106 aperte
361 3024 519 3089 Lutherus
542 3026 783 3104 pronunciabat,
808 3033 903 3104 atque
926 3023 1084 3088 Huttenus
1108 3023 1166 3087 sub
1189 3024 1272 3086 vitae
1295 3019 1388 3086 finem

227 3113 418 3178 acutissimis
442 3113 506 3176 odii
527 3114 623 3177 armis
639 3118 779 3178 veterem
803 3113 936 3177 amicum
952 3111 1129 3194 pe1·culit.⁹)
1165 3110 1200 3190 Ii,
1224 3111 1278 3190 qui
1294 3116 1389 3174 antea

338 3273 346 3302 1
376 3269 382 3280 .
405 3269 411 3281 .

336 3269 356 3406 'd
375 3268 439 3393 idid.
462 3338 591 3420 ¹Stichart
609 3337 688 3390 modo
717 3338 826 3391 omnino
845 3338 948 3404 inepto,
976 3345 1007 3390 ut
1036 3353 1117 3404 saepe
1137 3335 1212 3404 iacit,
1241 3334 1278 3404 (e.
1299 3352 1322 3403 g.

229 3409 270 3475 „lo
288 3408 336 3472 bob
355 3449 361 3462 .
382 3453 388 3466 .
408 3449 414 3462 .
433 3410 480 3463 mrt
497 3409 542 3463 ten
614 3406 723 3474 qclinbm
743 3405 843 3460 &other
861 3409 911 3460 unt
930 3405 1053 3474 liboltem
1076 3412 1123 3460 out
1148 3409 1189 3460 ber
1215 3405 1390 3472 brasmatiae

229 3479 347 3544 llbotlpelr
373 3479 427 3532 rein
454 3494 499 3543 got
526 3477 602 3544 nictu
628 3477 721 3544 ostieni
745 3479 827 3531 nortl
861 3476 876 3529 l.
895 3489 963 3545 c.·p.
982 3477 1046 3544 332)
1072 3493 1127 3530 non
1142 3477 1218 3544 juste
1238 3475 1389 3543 despiciens

227 3551 349 3618 priorem
367 3549 499 3615 epistolae
518 3558 626 3615 partem
645 3549 772 3616 explicat,
791 3563 861 3614 quae
880 3547 908 3600 in
927 3563 958 3602 ea
978 3548 1183 3601 contineantur.
1205 3547 1219 3603 Ι.
1240 3562 1262 3600 c.
1282 3563 1309 3613 p.
1328 3547 1388 3609 283.

337 3622 357 3685 ⁸)
376 3619 425 3672 Er.
445 3633 505 3685 epp.
524 3634 550 3684 p.
570 3621 622 3672 784
641 3617 786 3687 [Clementi
805 3618 856 3671 VII
875 3633 899 3671 a.
920 3617 1016 3686 1524);
1035 3616 1098 3671 ibid.
1117 3633 1144 3685 p.
1158 3620 1209 3670 812
1230 3615 1389 3684 (clementis

228 3689 345 3745 Datario
364 3705 388 3746 a.
409 3687 497 3757 1524).
670 3721 674 3727 -

337 3763 347 3794 ⁴
379 3759 464 3813 Catal.
484 3759 499 3812 Ι.
519 3757 606 3814 efol.
626 3758 674 3821 D4.

336 3833 347 3864 ⁶
378 3831 433 3954 Fssrd
446 3844 507 3896 epp.
525 3844 551 3896 p.
570 3831 623 3882 830
641 3827 703 3897 (Er.
723 3826 928 3882 Melanohthoni
947 3843 971 3882 a.
995 3827 1085 3896 1524).

339 3903 360 3965 ⁶)
379 3900 388 3952 i
407 3900 442 3953 i.

338 3971 360 4038 ⁷)
380 3969 465 4024 Catal.
485 3970 501 4023 l.
521 3985 543 4026 c.
563 3969 607 4024 fol.
628 3969 709 4033 ΘΗ
730 3968 781 4022 hos
799 3967 971 4022 adversarios
990 3969 1119 4022 nominat.

338 4042 361 4106 8)
378 4039 420 4094 De
439 4040 532 4094 Wette
552 4039 569 4097 Ι.
588 4057 609 4097 c.
629 4040 679 4094 vol.
708 4039 735 4091 ΙΙ
757 4055 784 4106 p.
804 4041 863 4092 200.
887 4055 913 4106 p.
935 4041 984 4094 195
1013 4037 1248 4106 (epp.a.1522);
1277 4052 1301 4093 a.
1322 4037 1390 4090 1523

230 4111 329 4166 delevit
341 4109 481 4164 Lutherus
498 4110 526 4162 in
546 4109 666 4163 editione
685 4125 757 4163 nova
776 4109 908 4175 epistolae
927 4109 961 4162 ad
980 4108 1094 4162 Galatea
1114 4123 1207 4162 omnes
1227 4108 1287 4160 illos
1307 4106 1390 4172 locos,
1484 4154 1490 4165 ,

229 4182 257 4235 in
277 4180 375 4248 quibus
394 4179 508 4233 laudans
528 4181 692 4234 mentionem
717 4178 822 4234 fecerat
840 4177 949 4233 Erasmi
966 4179 1174 4234 sententiarum.
1197 4177 1314 4246 (Plauck
1333 4177 1348 4232 l.
1368 4192 1390 4230 c.
1477 4207 1481 4214 =

230 4251 822 4460 3130¹¹}gffilssss„exggsgzquonemua
847 4335 916 4388 (luae
944 4320 996 4388 ipsi
1019 4318 1142 4373 ΜΘΝ
1170 4317 1308 4385 displicmt
1336 4314 1391 4384 (De

270 4406 284 4446 e
311 4407 325 4446 e
355 4407 403 4448 .c.
421 4407 472 4448 vo.
537 4407 563 4458 P·
648 4433 653 4444 ·
