3172 5120
734 207 775 269 35

181 377 306 445 efficere
328 379 448 457 studet,
473 383 514 442 'ut
536 377 648 442 horum
671 378 858 457 auctoritas,
883 377 986 458 quoad
1009 375 1078 442 fieri
1106 379 1221 462 possit,
1253 379 1336 460 apud

181 466 332 548 populum
362 467 452 531 salva
480 471 674 546 permaneat,
703 471 740 530 ut
769 464 905 549 populus
927 483 1102 550 propensus
1128 466 1193 545 fiat,
1224 466 1335 532 abhis

181 554 335 620 ecclesIae
365 553 627 620 reformationem
654 559 833 636 expectare,
867 560 903 618 ut
931 571 983 619 res
1016 571 1116 618 novae
1151 573 1171 620 a
1205 555 1335 635 singulis

180 643 306 723 privata
340 643 531 708 auctoritate
568 642 717 707 inductae
749 641 985 723 prohibeantur.
1042 640 1197 708 (travibus
1230 643 1335 707 verbis

182 731 249 796 adit
271 729 421 812 populum
457 727 665 808 „Germaniae
686 729 840 796 inferioris
871 735 905 795 et
939 729 1081 795 Phrisiae
1112 731 1292 796 orientalis“
1310 731 1334 813 ¹)

182 836 252 883 eum
283 817 469 883 adhortans:
509 822 707 900 „exspectate
730 817 869 882 divinum
891 816 1051 883 oraculum
1073 837 1131 901 per
1153 837 1218 899 coa,
1240 825 1336 899 penes

181 923 258 988 quos
274 906 418 972 dominus
433 905 586 972 ecciesIae
608 906 822 987 gubernacula
838 923 907 970 esse
929 905 1037 985 voluit,
1053 906 1086 969 id
1109 906 1335 981 demonstrem,

181 1011 263 1074 quae
286 992 362 1059 ferri
383 1010 447 1059 non
469 995 601 1076 possint,
624 1012 664 1059 ea
686 993 861 1076 principum
888 993 1078 1058 auctoritate
1099 1000 1276 1060 resecatum
1297 996 1336 1058 iri

181 1081 279 1148 multo
302 1080 468 1160 efficatius,
499 1099 594 1162 quam
615 1099 673 1164 per
694 1081 851 1164 quoslibet
873 1081 1034 1161 imperitos
1058 1081 1205 1162 medicos
1216 1084 1242 1164 8)
1273 1099 1336 1146 non

182 1169 352 1236 succedere
376 1169 528 1236 ecclcsiae
559 1170 798 1249 correctionem,
830 1169 891 1234 nisi
918 1169 1167 1233 asummatibus
1199 1170 1334 1234 oriatur:

182 1276 200 1322 a
224 1255 360 1324 Caesare
382 1264 415 1323 et
438 1255 587 1322 Pontifice
601 1258 628 1340 ³)
652 1262 685 1322 et
708 1257 841 1338 denique
864 1253 1027 1338 flagitans:
1058 1257 1184 1321 interim
1208 1262 1334 1322 manete

182 1347 215 1410 in
237 1346 361 1412 unitate
384 1346 552 1427 corporis“
566 1343 594 1427 4)
955 1362 959 1371 “

267 1451 317 1515 Ad
339 1450 472 1516 eundem
487 1449 581 1516 finem
603 1449 711 1532 popuii
732 1449 773 1515 ad
788 1455 913 1532 tempus
936 1449 1092 1514 retinendi
1113 1452 1213 1516 veteri
1229 1456 1335 1516 aucto·
1377 1533 1379 1538 ,

181 1538 270 1603 ritati
293 1539 467 1603 obedientis
498 1544 532 1602 et
566 1538 766 1603 concordiam
798 1538 940 1618 quamvis
968 1538 1156 1605 exteriorem
1179 1540 1335 1604 servantis

181 1631 324 1707 spectant
346 1643 467 1707 quoque
490 1625 615 1690 Erasini
636 1626 742 1690 studia
765 1625 807 1690 ad
822 1625 1010 1691 ordinandas
1033 1643 1085 1690 res
1108 1626 1335 1692 ecclesiasticas

182 1713 315 1778 ducatus
331 1713 519 1780 Juliacensis
535 1713 686 1779 adhibita.
721 1714 816 1778 Arete
832 1715 915 1779 enim
938 1714 1121 1796 conjunctus
1138 1733 1208 1778 cum
1224 1714 1334 1793 duce⁵t

182 1804 313 1884 ejusque
335 1800 557 1884 consilimiter)
581 1801 842 1881 commovebatur,
871 1806 908 1866 ut
936 1800 1017 1865 clam
1039 1801 1205 1882 adjuvaret
1227 1820 1281 1868 eos
1303 1804 1336 1866 in

181 1889 284 1955 animo
308 1888 458 1954 habentes
488 1907 539 1954 res
571 1889 692 1971 aliquot
714 1891 884 1972 corrigere,
919 1894 952 1953 at
986 1889 1138 1954 ecclesiae
1165 1889 1335 1955 catholicae

181 1976 314 2042 formam
338 1981 370 2042 et
392 1977 613 2043 auctoritatem
628 1979 718 2056 tueri,
743 1996 793 2042 res
816 1994 914 2043 novas
929 1976 1106 2058 prohibere,
1130 1982 1204 2042 ante
1227 1979 1332 2043 omnia

182 2064 290 2148 populi
316 2065 435 2129 animos
468 2066 509 2129 ad
542 2070 666 2146 tempus
696 2063 909 2148 pacificare.⁷)
958 2064 1049 2142 Quod
1080 2065 1255 2147 appetitum
1287 2070 1335 2130 est

181 2158 316 2234 utraque
339 2172 359 2217 a
382 2152 462 2217 duce
484 2154 693 2235 pronunciata
720 2153 960 2233 „ordinatione,“
987 2170 1120 2232 quarum
1141 2154 1228 2233 prior
1251 2171 1333 2219 anno

185 2245 278 2323 1532,
301 2241 457 2324 posterior
487 2259 515 2306 a.
542 2245 625 2305 1533
655 2239 804 2323 evulgata
833 2239 927 2320 est.⁸)
981 2238 1132 2304 Erasmus
1163 2245 1268 2305 autern
1299 2259 1334 2305 eo

181 2329 421 2409 perducebatur,
446 2335 481 2393 ut
505 2329 609 2410 priore
632 2328 829 2394 ordinatione
844 2328 982 2392 nondum
1004 2327 1151 2408 evulgata
1174 2327 1336 2393 consilium

181 2415 389 2497 theologicum
412 2416 485 2481 duci
507 2416 606 2495 daret,
631 2416 671 2480 ad
694 2417 777 2497 quod
799 2416 1004 2481 ordinationis
1020 2420 1141 2482 statuta
1156 2416 1201 2481 ita
1217 2434 1335 2482 accom-

181 2506 310 2570 modata
325 2509 407 2584 sunt,
431 2510 466 2569 ut
481 2503 606 2584 Erasmi
621 2503 719 2569 verba
735 2504 918 2585 simpliciter
937 2504 1094 2584 translata
1116 2507 1335 2588 appareant.⁹)

290 2713 308 2782 ¹)
327 2714 482 2782 Responsio
505 2713 616 2769 Erasmi
642 2713 680 2769 'ad
703 2714 846 2782 epistotam
870 2714 1069 2782 apologeticam
1090 2714 1198 2768 incerto
1223 2721 1334 2768 autore:

182 2785 236 2838 nisi
253 2784 326 2852 quod
343 2785 438 2838 titulus
457 2785 530 2839 forte
548 2783 630 2839 fictus
648 2784 780 2838 habebat:
806 2800 856 2850 per
874 2784 1017 2839 ministros
1040 2784 1116 2837 verbi
1135 2784 1265 2838 ecciesiae
1284 2785 1335 2838 Ar-

182 2855 359 2923 gentinensis.
397 2853 489 2911 Coton.
514 2871 557 2923 ap.
578 2854 739 2923 Gymnicum
761 2871 785 2908 a.
813 2856 887 2907 1642.
914 2853 1029 2923 (libellus
1054 2853 1334 2922 scriptusest1530)

181 2925 227 2983 Μ’
246 2927 310 3064 Hb)
329 2995 393 3052 rora.
411 2995 458 3054 fot.
476 2995 525 3059 H..

288 3069 299 3100 ³
328 3065 393 3120 ibid.

288 3139 299 3170 ⁴
329 3135 483 3204 Responsio
502 3135 518 3188 Ι.
538 3151 560 3188 c.
578 3133 625 3193 101.
644 3135 681 3199 H,
703 3141 731 3188 et
750 3134 876 3188 similiter
895 3133 942 3200 A..

204 3277 209 3288 1
288 3211 308 3271 ⁵)
327 3207 388 3262 dam
407 3221 479 3260 anno
500 3207 568 3260 1517
587 3205 641 3288 dux
653 3205 772 3258 Erasmo
790 3204 1081 3302 scribit:u„maximum
1099 3220 1171 3258 nunc
1192 3204 1224 3258 de
1244 3211 1271 3259 te
1291 3221 1334 3259 ca·

181 3273 1334 3415 ⁹¹⁰titattttttmttt1311105113111122dbdorstadott..

182 3416 293 3479 siliario,
311 3418 430 3486 ingenua
448 3417 475 3470 ei
493 3422 554 3470 erat
572 3418 699 3474 amicitia.
718 3414 751 3470 ci.
771 3431 867 3470 eorum
893 3431 954 3483 epp.
979 3421 1073 3470 mutuo
1097 3416 1225 3483 scriptae.
1249 3415 1336 3484 Spini-

181 3488 281 3555 iegium
299 3487 378 3540 XVII
397 3504 423 3555 p.
442 3487 490 3556 IV,
508 3503 535 3554 p.
554 3484 599 3554 VI,
618 3487 693 3555 VIII,
713 3486 758 3554 IX,
778 3486 840 3554 XII,
859 3485 932 3543 XIV.
968 3485 1015 3543 Er.
1035 3501 1096 3553 epp.
1113 3502 1141 3554 p.
1161 3489 1239 3556 1140,
1258 3490 1335 3553 1298,

184 3561 262 3626 1704⁷
277 3559 477 3694 ,17)74ἓόθξιέῗίᾓθ,
496 3626 672 3695 21111ηῇ0160
685 3625 800 3693 21οῙτο61
817 3623 848 3680 a.
861 3626 889 3680 II
902 3627 971 3680 1860
989 3641 1015 3693 p.
1030 3628 1163 3694 167-69;
1184 3627 1333 3682 Jacobson:

183 3695 309 3784 dicididtc
326 3697 366 3752 bet
378 3697 484 3752 Raetica
502 3697 544 3750 bes
556 3697 728 3765 stanpeliibca
740 3695 915 3764 Riccbearebts
933 3695 960 3750 ia
973 3694 1113 3762 bibeialaab
1132 3696 1182 3751 aab
1195 3695 1334 3762 IReitiaien.

181 3767 427 3907 ffimsssszffgticlogtssiz
441 3769 680 3904 p'offietffartttse
700 3835 785 3905 betete
803 3837 854 3891 aab
867 3835 1068 3918 Iistotbnuupqn.
1105 3835 1246 3904 dedboti
1266 3836 1334 3890 1826

181 3907 324 3974 utriusque
349 3908 531 3963 ordiuationis
563 3915 721 3962 contextum
757 3907 964 3976 imprimendum
993 3906 1058 3961 fecit
1076 3906 1109 3961 V.
1127 3908 1148 3963 Ι.
1168 3922 1194 3973 p.
1213 3909 1335 3960 56-62.

181 3977 267 4046 (prior
285 3978 444 4048 ordiuatio);
463 3995 491 4046 p.
504 3982 608 4032 02-82
627 3977 777 4047 (posterior
789 3977 948 4046 ordinatio),
967 3977 1169 4032 ordinationum
1187 3984 1334 4031 contextus

180 4049 319 4102 invenitur
332 4050 412 4102 etiam
423 4049 498 4116 apud
510 4049 638 4104 Richter:
658 4047 695 4103 bit
709 4047 880 4115 ebcnpeliidpea
892 4047 1135 4114 dirdtaorbnuupta
1145 4049 1188 4101 bes
1201 4048 1241 4102 16.
1255 4047 1335 4114 Status

181 4118 307 4186 beaberis,
327 4117 440 4174 Ibeitam
460 4120 528 4174 1846
546 4120 598 4175 voi.
617 4119 668 4188 Ip.
685 4121 806 4173 160-62
824 4118 912 4187 (prior
924 4117 1072 4186 ordinatio)
1100 4117 1164 4171 ibid.
1177 4132 1203 4186 p.
1213 4121 1336 4171 212-20

183 4191 330 4257 (posterior
350 4189 508 4257 ordinatio).

288 4260 308 4328 ⁹)
327 4259 360 4314 cf.
380 4260 535 4314 Excursam
553 4276 580 4328 p.
599 4263 633 4314 46
653 4275 708 4328 seq.

1115 4383 1262 4437 .3,
