3160 5168
737 234 770 293 ll

174 409 252 469 rota
275 405 502 469 restaurandae
517 403 718 485 evangelicae
741 403 952 486 simplicitatis
976 405 1123 486 dogmata
1147 410 1178 469 et
1202 405 1332 470 cerimo-

175 494 246 557 nias
274 493 474 575 negligentis.
527 491 608 556 Nam
642 493 771 557 unitatis
802 511 839 556 ac
872 492 958 573 pacis
989 495 1021 558 iu
1045 491 1177 557 ecclesia
1208 510 1334 558 conser-

174 581 300 645 uandae
331 586 534 662 praeceptum
563 584 686 644 tantum
710 580 795 662 apud
824 599 894 645 eum
917 580 1020 661 valet,
1051 580 1161 645 utillo
1185 581 1329 663 neglecto

175 668 262 733 mala
285 673 362 733 nata
385 687 454 734 esse
476 666 671 750 profiteatur,
695 669 808 748 quibus
832 668 964 734 ecclesia
987 686 1070 733 nunc
1092 667 1210 733 referta
1234 670 1285 733 sit.
1293 668 1318 752 1)

264 757 315 822 Ita
337 757 434 839 igitur
456 756 534 822 haec
557 757 618 820 duo
633 755 767 822 Erasmo
790 761 910 821 statuta
933 765 1039 821 erant:
1064 758 1210 838 primum:
1236 756 1334 822 eccle·

175 845 245 910 siae
269 851 300 911 et
324 845 468 909 doctrina
492 850 523 909 et
546 862 649 910 mores
672 843 874 910 reformanda
897 850 987 925 sunt,
1012 845 1060 923 id,
1085 845 1168 925 quod
1190 841 1332 923 efficitur,

175 934 205 997 si
228 933 270 998 ad
292 932 507 1014 evangelicam
530 932 765 1014 simplicitatem
789 938 820 997 et
843 933 1011 1014 puritatem
1034 933 1238 999 reducuntur.

266 1022 404 1087 Deinde:
428 1021 601 1086 auctoritas
616 1021 794 1086 traditionis
818 1020 1063 1100 ecclesiasticae,
1089 1021 1335 1103 gubernatorum

177 1109 337 1191 ecclesiae,
360 1109 516 1174 unanimis
536 1127 705 1174 consensus
728 1110 836 1190 magni
857 1108 1070 1187 aestimanda,
1101 1109 1252 1173 ecclesiae
1274 1127 1336 1190 pax

177 1205 213 1263 et
236 1197 403 1263 concordia
426 1197 580 1261 servanda
603 1202 660 1260 est.

266 1286 376 1367 ltaque
399 1304 460 1351 non
484 1285 577 1350 aliter
600 1285 751 1350 ecclesiae
780 1283 977 1364 reformatio,
1010 1283 1135 1365 qualem
1159 1285 1228 1367 ipse
1250 1283 1336 1349 vole-

178 1373 242 1451 bat,
267 1371 377 1456 perfici
399 1379 541 1454 poterat,
574 1391 667 1455 quam
690 1373 717 1437 si
740 1391 802 1437 non
828 1373 954 1454 privata
977 1374 1182 1450 auctoritate,
1216 1372 1273 1436 sed
1296 1373 1335 1436 ab

178 1461 327 1525 ecclesiae
360 1461 543 1542 proceribus
578 1480 614 1526 ac
651 1479 721 1530 cum
755 1460 905 1526 ecclesiae
936 1478 1089 1526 consensu
1118 1459 1335 1541 incipiebatur.

177 1548 317 1613 Primum
341 1549 438 1632 igitur
459 1550 494 1629 ii,
519 1549 571 1630 qui
601 1549 747 1614 ecclesiae
770 1550 950 1629 magisterio
974 1548 1198 1630 iungebantur,
1232 1549 1335 1611 animo

177 1637 337 1703 debebant
359 1637 482 1717 impleri
513 1637 664 1702 inclinato
688 1637 728 1700 ad
758 1638 988 1702 restituendam
1019 1636 1232 1717 evangelicam
1264 1635 1336 1700 doc·

177 1727 303 1791 trinam.
351 1725 420 1803 Quo
443 1725 600 1806 perveniri
626 1726 777 1790 Erasmus
793 1726 937 1806 putabat,
961 1726 988 1789 si
1003 1724 1158 1789 bonarum
1171 1723 1335 1787 literarum
1400 1790 1406 1799 ,

177 1814 357 1894 cognitione
385 1815 486 1894 magis
526 1813 689 1894 magisque
723 1822 897 1894 propagata
931 1812 1138 1878 scholasticae
1173 1812 1336 1876 doctrinae

177 1901 353 1966 auctoritas
375 1901 540 1983 paullatim
569 1901 771 1982 perturbata,
803 1919 913 1965 sacrae
936 1901 1113 1983 scripturae
1142 1900 1281 1964 studium
1297 1904 1338 1963 ,et

177 1988 356 2054 intellectus
383 1994 528 2070 promota
558 1995 680 2068 essent,
715 1991 742 2055 si
766 2007 873 2053 omnes
903 1989 1093 2070 scripturam
1123 1987 1337 2070 intelligentes

177 2095 287 2142 amore
303 2077 450 2158 puritatis
473 2077 505 2141 in
528 2094 568 2142 ea
584 2095 760 2158 expressae,
784 2076 888 2142 taedio
912 2078 1037 2142 omnino
1054 2076 1212 2141 dissimihs
1235 2074 1335 2141 eccle-

176 2166 246 2230 siae
263 2167 438 2247 praesentis
455 2163 560 2230 affecti
576 2171 690 2245 essent,
716 2166 743 2231 si
758 2165 856 2246 igitur
871 2165 1031 2229 hominum
1055 2166 1152 2230 animi
1174 2165 1215 2229 ad
1230 2181 1337 2228 veram

176 2253 342 2334 pietatem,
369 2258 475 2332 essent
507 2252 734 2320 transformati.
781 2252 842 2330 Qui
869 2271 974 2317 rerum
1008 2269 1210 2335 progressae,
1246 2252 1272 2316 si
1296 2251 1338 2316 ad

177 2339 273 2405 finem
297 2341 508 2422 pervenisset,
533 2340 687 2406 Erasmus
711 2347 796 2407 certo
820 2342 1013 2423 exspectarit
1036 2340 1115 2420 iere,
1140 2347 1176 2404 ut
1200 2340 1337 2405 auctori-

178 2428 238 2493 bus
273 2429 423 2494 ecclesiae
456 2429 654 2509 proceribus
691 2430 957 2494 consentientibus
988 2430 1131 2495 omnihus
1155 2429 1337 2493 retormatio
1407 2463 1411 2473 ·

177 2516 352 2582 secundum
376 2517 502 2581 modum
532 2517 736 2598 regulamque
761 2517 960 2599 evangelicae
989 2518 1150 2583 doctrinae
1173 2513 1338 2598 perficere·

178 2610 242 2668 tur.
288 2605 337 2669 Ad
369 2606 623 2687 praeparandam
652 2603 734 2670 hauc
762 2623 867 2669 rerum
898 2605 1104 2670 mutationem
1134 2622 1242 2669 omnes
1265 2621 1338 2669 suos

179 2693 305 2758 labores
333 2692 473 2759 adhibet.
530 2694 634 2758 Bonas
656 2693 781 2772 literas,
814 2694 917 2772 quoad
949 2699 1067 2776 potest,
1104 2692 1251 2776 adjurat,
1276 2691 1339 2755 edi·

176 2782 297 2846 tionem
320 2783 393 2845 novi
415 2783 606 2859 testamenti,
630 2782 663 2845 in
687 2782 774 2863 cujus
791 2782 1046 2846 annotationibus
1066 2782 1133 2863 jam
1156 2779 1338 2862 systematis

177 2867 347 2951 theologici
369 2869 524 2950 principia
542 2869 721 2952 evangelica
744 2867 874 2950 profert,
899 2888 998 2950 papae
1025 2869 1123 2934 Leoni
1150 2868 1179 2931 X
1203 2867 1337 2946 dedicat,

176 2974 298 3037 omues,
333 2963 369 3020 ut
399 2957 479 3022 bene
502 2959 624 3037 vivant,
656 2974 761 3022 mores
784 2957 961 3039 corrigant,
991 2958 1180 3022 adhortatur
1192 2956 1217 3036 2)
1242 2963 1358 3036 atque

177 3045 213 3109 iu
240 3043 457 3123 ,Euchiridio“
478 3045 668 3111 christianae
683 3046 767 3110 vitae
789 3062 939 3110 canonem
957 3046 1143 3125 evangelicis
1159 3043 1338 3126 praeceptis

176 3132 319 3198 directae
340 3131 470 3214 profert.

269 3220 358 3285 Haec
390 3227 496 3286 autem
531 3222 705 3287 animorum
739 3220 975 3286 transformatio
1013 3220 1165 3285 ecclesiae
1200 3218 1340 3283 salubris

179 3308 346 3405 paullatim
368 3309 586 3374 tautummodo
617 3328 655 3375 ac
677 3309 848 3390 tranquille
870 3309 976 3390 perlici
998 3314 1134 3390 poterat,
1159 3325 1250 3373 omne
1274 3324 1339 3371 cer-

179 3403 289 3462 tamen
313 3415 383 3462 eam
406 3397 623 3478 perturbabat,
646 3399 746 3462 omnis
769 3397 908 3462 violenta
930 3398 1065 3462 irritatio
1089 3394 1278 3461 deflectebat
1300 3395 1340 3459 de

180 3486 288 3567 quiete
312 3486 452 3550 discendi
474 3485 572 3550 bonas
594 3484 713 3566 literas,
737 3486 864 3568 legendi
886 3485 1226 3569 sacramscripturam,
1251 3501 1339 3548 exer·

181 3573 274 3639 cendi
297 3573 494 3655 evangelicas
516 3574 660 3642 virtutes

181 3720 394 3731 *-

293 3798 311 3865 1)
330 3798 449 3866 Querela
467 3802 542 3868 pacis
563 3801 579 3854 l.
598 3816 620 3855 c.
640 3799 686 3856 fol.
699 3799 736 3853 B:
778 3798 846 3867 Quia
864 3799 961 3866 religio
979 3815 1034 3853 non
1049 3798 1107 3867 iam
1128 3805 1242 3867 „portus
1260 3813 1341 3865 para·

181 3867 249 3923 tus“
268 3869 338 3939 paci,
357 3870 421 3937 quia
440 3872 552 3939 „religio
570 3887 630 3925 cum
644 3870 775 3939 religione
795 3870 937 3938 dissidet‚‘⁸
957 3870 1021 3936 quia
1040 3877 1097 3938 „tot
1116 3869 1249 3924 factiones
1268 3874 1341 3935 sunt,

182 3946 252 4007 quot
267 3946 345 3994 <suut
370 3941 510 4010 sodalitia,
538 3941 719 3996 Dominicalea
745 3939 877 3995 dissident
904 3955 965 3994 cum
987 3940 1146 3995 Minoritis“
1174 3946 1235 4008 etc,
1255 3938 1341 4008 „quia

183 4026 320 4077 nusquam
337 4009 397 4066 fere
416 4012 527 4080 collegio
546 4012 673 4067 convenit
691 4027 752 4065 cum
777 4011 934 4080 episcopo,“
954 4012 1046 4078 itaque
1066 4010 1215 4078 „quidquid
1234 4009 1342 4064 calami·

183 4087 274 4134 tatum
293 4082 380 4135 sentit
405 4083 567 4151 mortalitas,
586 4083 650 4136 hnic
670 4082 782 4136 dissidio
803 4081 885 4135 debet
903 4088 1043 4149 acceptum
1061 4080 1164 4137 ferre.“

292 4153 312 4219 2)
334 4151 453 4220 Querela
471 4154 547 4221 pacis
567 4154 583 4207 Ι.
602 4169 624 4206 c.
643 4152 690 4207 fol.
711 4152 758 4216 Οτι
788 4153 970 4220 „Fungentur
995 4167 1043 4205 suo
1072 4151 1163 4205 officio
1190 4150 1340 4218 praesules,

183 4221 344 4277 sacerdotes
372 4238 436 4277 vere
465 4225 519 4277 sint
538 4223 708 4291 sacerdotes,
727 4222 853 4277 monachi
870 4221 1049 4290 professionis
1074 4237 1140 4277 auae
1158 4221 1339 4289 meminerint,

183 4292 315 4362 theologi,
335 4293 407 4361 quod
426 4292 535 4349 Christo
556 4293 666 4361 dignum
685 4299 734 4360 est,
754 4293 895 4348 doceant.“
