3172 5120
783 378 824 437 40

227 549 329 632 gionis
358 547 400 613 ad
430 553 603 612 extremum
633 547 771 612 molitur.
827 547 916 612 Unus
947 552 983 612 tu
1011 547 1182 612 multorum
1213 548 1314 612 instar
1335 559 1401 612 θα·

171 705 174 710 ,
226 654 395 719 propones,
419 654 457 700 ea
480 636 664 716 disputabis,
689 653 727 698 ea
742 635 956 716 respondebis
980 653 1018 703 ea
1034 634 1229 716 dijudicabis‚
1253 655 1292 701 θα
1308 654 1381 700 oou-

226 725 320 803 sules,
344 742 384 788 ea
406 724 555 802 censebis,
580 742 661 805 quae
682 726 801 788 nemo.“
816 727 840 800 1)

313 811 390 877 Tam
413 811 615 877 vehementer
639 810 826 892 urgentibus
849 809 982 892 amplius
1012 811 1159 876 resistere
1188 829 1251 876 non
1273 810 1381 876 valens

226 918 329 980 neque
350 906 458 964 tamen
480 900 527 964 its
550 917 659 964 eorum
683 901 794 980 optata
817 897 958 979 explens,
986 904 1022 962 ut
1044 898 1106 979 ipsi
1127 903 1342 979 speraverant,
1355 903 1379 972 2)

226 1005 284 1068 pro
307 1005 387 1069 pace
401 988 552 1051 Erasmus
567 1001 677 1051 vocem
700 986 740 1050 ad
759 985 908 1068 populum
924 985 1040 1063 emisit3
1064 1003 1146 1050 anno
1165 991 1247 1050 1533
1264 986 1382 1068 prodiit

228 1076 294 1158 ejus
318 1074 398 1140 liber
420 1074 540 1156 Pflugio
564 1073 740 1139 dedicatus:
769 1073 834 1152 „De
856 1073 1022 1138 sarcienda
1044 1072 1194 1138 ecelesiae
1216 1074 1382 1139 concordia

227 1164 328 1243 deque
363 1161 510 1227 sedandis
545 1163 725 1243 opinionum
760 1161 925 1226 dissidiis.“
973 1159 1103 1226 Publice
1134 1162 1167 1224 in
1190 1179 1227 1226 eo
1260 1160 1382 1242 profert

227 1256 259 1316 et
275 1251 382 1332 ‘magis
405 1251 560 1331 explicata
581 1249 636 1314 illa
655 1250 782 1332 judicia,
807 1266 886 1328 qnae
910 1267 948 1313 ex
970 1248 1104 1314 consiliis
1121 1249 1193 1314 duci
1206 1249 1381 1314 iuliacensi

226 1345 322 1420 atque
346 1339 455 1417 amico,
479 1342 516 1401 ut
539 1338 744 1421 suspicamur,
768 1339 951 1417 Augustano
968 1336 1049 1401 olam
1066 1337 1147 1400 datis
1164 1338 1381 1418 cognovimus:

228 1425 338 1492 Status
371 1425 544 1491 tolerabilis
574 1425 717 1506 apprime
751 1422 931 1489 efficiendus
959 1430 1023 1508 est3
1058 1443 1119 1505 pax
1149 1429 1181 1488 et
1207 1425 1381 1490 auctoritas

226 1514 378 1580 ecclesiae
402 1519 475 1579 ante
499 1513 603 1578 omnia
626 1512 791 1592 servanda,
817 1513 996 1593 dogmatum
1020 1512 1219 1576 diversitates
1241 1531 1304 1577 non
1327 1513 1381 1575 ad-

230 1603 358 1668 modum
380 1601 541 1684 urgendae
564 1605 652 1680 sunt,
676 1600 813 1665 moribus
837 1603 987 1664 correctis
1018 1617 1069 1664 res
1097 1599 1288 1680 depravatae
1310 1618 1382 1665 vere

225 1688 450 1770 reformantur3
475 1691 501 1754 si
523 1689 595 1753 inde
616 1689 776 1769 inceptum
799 1687 860 1752 erit
874 1689 1044 1769 negotium,
1061 1689 1173 1766 omnia,
1194 1706 1292 1768 ,quae
1308 1707 1381 1753 oon·

228 1785 372 1843 troversa
394 1781 568 1858 remanent,
591 1777 632 1841 ad
654 1775 776 1840 concilii
798 1775 986 1840 decisionem
1009 1779 1216 1842 reterantur.“

314 1865 419 1942 Quare
442 1866 578 1946 primum
600 1863 737 1945 quidem
750 1882 859 1928 eorum
881 1863 1038 1928 miseriam
1068 1862 1198 1928 verbose
1226 1862 1380 1946 deplorat,

226 1954 280 2035 qui
300 1953 342 2018 ab
366 1952 515 2018 ecclesiae
539 1953 695 2017 consortio
720 1951 945 2030 discesserunt,
976 1955 1117 2015 moratur
1143 1952 1177 2015 in
1199 1951 1382 2031 exponenda

226 2041 459 2106 haereticorum
482 2039 617 2118 malitia,
640 2040 741 2120 qualis
763 2039 857 2103 toties
881 2039 1024 2103 omnibus
1046 2039 1238 2120 temporibus
1261 2039 1381 2102 inveni-

227 2133 309 2208 atur,
334 2128 475 2209 exempla
499 2125 591 2192 affert
614 2131 646 2191 et
669 2128 738 2208 ipsa
760 2145 854 2207 quam
869 2127 1003 2190 maxime
1022 2125 1231 2191 detestabilia.
1244 2129 1268 2201 3)
1300 2125 1381 2190 Tum

227 2217 380 2282 ecclesiae
396 2213 659 2297 magnificentiam
674 2220 769 2296 atque
784 2214 984 2295 splendorem
998 2215 1083 2278 vitae
1099 2216 1132 2278 in
1150 2213 1381 2294 „tabemaoulis

226 2305 304 2370 Dei“
325 2303 503 2384 splendidis
527 2303 667 2384 depingit
690 2301 895 2384 coloribus.4)
940 2303 998 2380 Ut,
1024 2303 1084 2380 ait,
1119 2302 1241 2366 bestiae
1264 2301 1382 2367 habeut

230 2391 343 2471 locum,
368 2391 422 2456 ubi
443 2409 552 2456 secure
575 2391 787 2471 acquiescunt,
801 2393 826 2466 5)
850 2391 896 2454 ita
917 2389 1035 2455 homini
1051 2390 1127 2454 data
1142 2394 1193 2454 est
1208 2389 1381 2473 ecelesia,⁶)

225 2481 258 2544 in
281 2497 341 2560 quo
369 2479 460 2558 „nido
483 2479 544 2543 tuti
568 2478 844 2559 conquiescimus.“
858 2481 883 2554 7)
933 2477 1015 2556 „Nos
1037 2478 1134 2560 igitur
1157 2479 1183 2542 si
1203 2478 1382 2558 quaerimus

224 2586 331 2633 veram
355 2567 452 2631 animi
475 2567 622 2647 quietem,
647 2583 883 2648 perseveremus
907 2567 939 2629 in
957 2565 1162 2630 tabernaculo
1178 2565 1305 2630 Domini
1320 2566 1382 2628 vir·

226 2661 338 2735 tutum,
363 2671 545 2718 maneamus
561 2655 594 2717 in
608 2655 730 2718 unitate
745 2653 895 2718 ecclesiae
918 2653 1120 2718 catholicae.“
1140 2657 1164 2728 8)
1211 2652 1250 2716 Ei
1274 2656 1381 2717 autern

225 2743 283 2810 soli
299 2743 377 2808 haec
393 2741 541 2807 ecclesiae
556 2741 639 2806 dona
661 2741 815 2820 eveniunt,
841 2741 903 2820 qui,
932 2741 1032 2821 ,quod
1048 2758 1066 2805 e
1082 2741 1246 2822 scripturis
1269 2739 1381 2806 divinis

225 2831 365 2896 tradidit
378 2830 470 2910 nobis
494 2828 624 2894 ecclesia
637 2827 798 2907 catholica,
822 2825 914 2892 firma
934 2827 1013 2892 fide“
1040 2833 1136 2904 tenet,
1165 2830 1266 2908 „quod
1288 2846 1380 2911 prae-

231 2920 318 3003 cipit,
341 2918 473 2999 simplici
496 2917 693 2982 obedientia“
714 2915 861 2999 servat.⁹)
907 2915 1017 2997 Neque
1031 2915 1065 2980 hi
1080 2917 1189 2982 vivunt
1211 2917 1382 2981 secundum

225 3006 377 3072 ecclesiae
400 3004 526 3087 regulas
548 3009 581 3069 et
603 3005 761 3086 dogmata,
790 3004 861 3084 „qui
883 3007 1007 3067 tantum
1029 3004 1203 3085 respiciunt
1230 3004 1272 3067 ad
1303 3005 1381 3069 ceri-

225 3095 362 3171 monias,
398 3093 640 3158 condonationes
668 3109 705 3156 ac
734 3091 906 3173 diplomata
934 3089 1151 3173 pontificum,“
1176 3109 1279 3173 neque
1310 3109 1381 3172 per-

224 3183 355 3248 veniunt
378 3179 420 3244 ad
441 3180 525 3243 illam
549 3179 850 3262 beatitudinem310)
876 3180 932 3244 sed
955 3180 991 3258 ii,
1017 3180 1070 3260 qui
1091 3180 1240 3260 pietatem
1263 3197 1380 3258 veram,

226 3271 338 3335 intimo
370 3268 455 3333 cordi
489 3267 678 3332 insidentem
713 3272 868 3332 exercent.
923 3265 1035 3349 Itaque
1066 3284 1172 3331 omnes
1207 3267 1248 3332 ad
1281 3267 1380 3332 vitam

224 3357 368 3422 funditus
391 3355 610 3436 corrigendam
643 3355 790 3434 gravibus
817 3355 922 3419 verbis
950 3353 1151 3419 adhortatur:
1200 3354 1260 3432 „sit
1286 3372 1380 3419 unus·

334 3511 355 3580 1)
373 3511 419 3564 Er.
439 3526 499 3579 epp.
518 3527 544 3579 p.
566 3513 634 3564 1756
653 3509 710 3578 (ep.
728 3509 835 3564 Wicelii
854 3513 888 3563 30
906 3509 1003 3564 Martii
1023 3509 1109 3578 1533).

230 3649 233 3654 Ι
333 3581 355 3650 ²)
372 3580 423 3648 Ep.
443 3579 612 3635 dedicatoria
634 3580 669 3636 ad
686 3580 787 3634 Julium
803 3579 936 3647 Pflugium
956 3581 1061 3634 directa
1078 3579 1123 3647 (31
1137 3580 1200 3634 Julii
1222 3583 1299 3646 1533)
1319 3581 1381 3634 libri

226 3653 259 3708 de
287 3650 428 3708 sarcienda
446 3651 576 3706 ecelesiae
594 3651 737 3707 concordia
756 3651 773 3706 Ι.
792 3666 814 3703 c.
833 3666 859 3719 p.
879 3652 949 3704 3-4
968 3650 1045 3704 dicit:
1075 3665 1157 3717 quum
1182 3666 1269 3717 neque
1296 3650 1380 3718 plone

227 3723 373 3792 repudiare
391 3736 481 3788 neque
500 3721 611 3788 explere
629 3727 724 3790 posset
737 3719 837 3788 Pflugii
857 3726 959 3788 optata,
980 3721 1114 3788 „medium
1132 3720 1259 3788 quiddam
1278 3721 1379 3790 reperi,

228 3810 282 3862 quo
301 3800 329 3848 te
347 3791 463 3860 posthac
482 3798 545 3846 utar
563 3791 702 3859 aliquanto
721 3791 877 3859 placatiore.
897 3791 1024 3844 Tractavi
1042 3791 1176 3859 psalmum
1195 3789 1228 3843 83
1248 3796 1307 3860 etc,
1326 3808 1381 3859 quo

227 3865 335 3918 divinus
353 3862 398 3917 ille
418 3861 529 3930 spiritus
547 3862 616 3916 mire
635 3862 712 3917 nobis
732 3861 901 3916 commendat
920 3861 1051 3916 ecclesiae
1069 3860 1267 3918 concordiam.“

334 3934 354 4072 ἰ)
373 3932 412 4057 {¹ss
413 3948 493 4056 (1sarc.
502 3932 576 4058 2e6ccl.
595 3931 676 3987 Oono.
695 3932 711 3986 Ι.
730 3947 752 3986 c.
771 3947 797 3999 p.
819 3933 931 3986 19-25.

334 4073 355 4141 Β)
373 4018 484 4140 11ῑαῖξῖ
500 4044 615 4128 aossor.

332 4147 354 4203 ⁶)
373 4143 407 4197 de
426 4159 494 4198 sarc.
514 4143 578 4200 eccl.
596 4144 611 4195 Ι.
631 4158 654 4197 o.
673 4159 699 4211 p.
719 4145 753 4195 42

334 4213 355 4282 ⁷)
373 4213 438 4267 ibid.
455 4229 481 4281 p.
501 4216 543 4268 55.

334 4283 357 4421 :l
372 4283 440 4408 ilii·
460 4299 485 4352 Ρ·
499 4285 547 4408 ii·

322 4369 542 4495 mmssm
