3172 5120
34 7 1562 340 ι---ή-*ὴ-----------’Ι

741 351 781 410 45

182 538 245 588 non
261 521 456 602 imputatam.
472 521 495 602 1)
533 520 620 586 Haec
635 522 746 587 eadem
761 523 801 587 de
813 519 1038 603 justificatione
1055 522 1213 586 sententia
1228 526 1340 603 postea

183 627 405 690 nonuunquam
421 609 452 672 in
463 608 569 673 valore
583 615 661 689 erat,
675 610 843 692 praecipue
856 609 941 692 apud
955 609 1119 690 pacificum
1132 608 1338 690 Gropperum.

183 698 229 761 Ac
243 697 384 779 quamvis
401 694 593 777 Gropperua
609 702 645 762 ut
661 697 895 780 Doellingerius
906 698 931 778 2)
949 696 1084 762 dilucide
1100 695 1336 775 demonstravit,

184 803 222 849 ea
236 802 271 848 re
287 785 440 849 adductus
456 789 549 863 esset,
573 791 608 849 ut
624 787 811 866 imputatam
824 785 981 865 justitiam
995 785 1231 866 praetenderet,
1255 784 1339 864 quod

33 912 37 945 :
183 874 215 937 in
239 871 341 954 Pighii
364 872 403 936 de
425 877 554 953 peccato
578 873 724 956 originali
754 874 931 954 opinionem
961 873 1165 951 discesserat,
1199 877 1339 936 attamen

32 962 36 991 ⁵
100 1022 102 1025 ,
184 960 226 1024 ad
248 959 449 1025 statuendam
473 960 627 1040 duplicem
652 961 809 1043 justitiam
832 960 959 1025 Erasmi
989 959 1165 1042 exemplum
1193 958 1283 1026 facile
1311 961 1339 1025 ei

187 1053 224 1113 ut
246 1048 315 1114 aliis
338 1047 421 1111 viam
445 1052 620 1113 monstrare
642 1050 755 1131 potuit.

273 1133 411 1217 Campus
434 1141 483 1200 est
506 1135 617 1217 plenus
640 1137 852 1218 suspicionum
875 1139 908 1200 et
930 1136 1190 1218 conjecturarum,
1222 1135 1255 1198 in
1277 1151 1339 1214 quo

185 1223 235 1288 hic
258 1224 491 1304 acquiescimus,
516 1226 547 1286 et
569 1225 703 1288 maxime
726 1243 763 1288 ea
787 1224 826 1288 de
850 1240 961 1301 causa,
998 1223 1083 1304 quod
1112 1223 1244 1300 historia
1273 1228 1339 1286 stu-

185 1311 306 1376 diorum
340 1311 532 1376 irenicorum
564 1312 596 1376 in
628 1311 811 1376 Lutherana
847 1329 941 1376 causa
978 1310 1193 1376 adhibitorum
1227 1327 1339 1392 parurn

185 1405 323 1464 tractata
354 1403 411 1464 est.
467 1399 615 1465 Fortasse
645 1399 777 1482 posthac
809 1399 943 1480 vestigia
975 1397 1027 1468 hic
1057 1399 1185 1464 inventa
1215 1397 1339 1480 longius

185 1487 273 1568 sequi
294 1487 386 1552 nobis
409 1487 540 1553 eveniet.

185 1611 395 1622 --—-——.--——

293 1663 312 1729 ¹)
332 1660 373 1713 De
392 1675 462 1717 sare.
481 1675 535 1714 ecc.
548 1675 623 1716 conc.
641 1661 657 1714 l.
678 1677 700 1716 c.
718 1676 746 1729 p.
759 1662 793 1714 94
805 1689 839 1700 -
853 1660 1067 1729 „distinguamus
1082 1660 1221 1728 J'ustitiam
1239 1675 1334 1728 repur-

184 1737 310 1799 gantem‚
333 1731 433 1784 mentis
451 1736 560 1785 nostrae
579 1730 758 1786 domicilium“
779 1761 811 1769 —
832 1730 865 1785 de
889 1730 941 1785 hac
958 1737 1051 1785 autem
1073 1737 1155 1785 antea
1174 1730 1257 1800 dixit,
1277 1745 1339 1784 eam

185 1801 235 1854 soli
257 1800 322 1855 fidei
347 1800 519 1855 tribuendam
548 1818 608 1856 esse
636 1800 842 1870 („concedcmus
867 1799 920 1855 fide
945 1799 1094 1869 justificari
1122 1801 1175 1855 hoc
1200 1805 1241 1855 est
1258 1800 1336 1869 puri·

184 1869 263 1955 ficari
285 1870 369 1926 corda
395 1871 580 1940 credentium“
606 1889 632 1939 p.
656 1873 700 1941 94)
728 1901 759 1910 —
787 1878 813 1927 et
836 1871 971 1940 justitiam
999 1879 1142 1926 ornantem
1170 1887 1230 1926 eam
1257 1871 1337 1926 bonis

184 1942 499 2090 Opemblii'lloellinger,
518 1985 691 2098 ticiotmctioa
708 2013 725 2068 l.
744 2028 766 2066 c.
778 2011 820 2066 'V.
838 2011 888 2066 ΙΙΙ.
907 2028 934 2081 p.
953 2014 1101 2067 ece-312.
