3172 5120
814 398 856 454 44

257 565 360 647 Hujus
385 567 501 650 dialogi
523 567 702 630 institutum
724 567 757 630 in
772 565 953 628 universum
968 562 1069 628 simile
1084 581 1207 645 quoque
1223 569 1271 629 est
1286 563 1412 628 Erasmi
1446 599 1450 606 =

257 653 396 720 consilio.
413 656 436 738 1)
482 655 561 718 Tum
577 655 610 718 in
624 652 748 718 Wicelii
763 652 852 716 libris
870 668 978 717 omnes
992 651 1067 716 illae
1082 651 1271 734 praecipuae
1286 652 1411 716 Erasini

256 743 418 825 opiniones
442 743 658 806 inveniuntur:
683 741 905 806 auctoritatem
921 739 1070 804 ecclesiae
1085 758 1149 804 non
1168 740 1373 821 rumpendam
1384 739 1410 820 2)

255 849 358 912 neque
380 830 607 895 restaurandae
629 829 807 910 primaevae
829 827 966 909 purioris
989 826 1139 892 ecclesiae
1153 831 1177 904 ³)
1202 827 1340 892 studium
1362 844 1411 890 re-

255 917 460 1000 linquendum
484 937 570 1003 esse;
592 917 719 999 plurimi
734 916 884 982 momenti
899 917 997 979 bonos
1012 914 1155 998 moresl)
1180 933 1257 994 esse,
1281 915 1410 980 minoris

257 1006 406 1088 dogmata
428 1006 593 1088 paullatim
616 1024 655 1069 ex
676 1005 795 1086 primae
818 1003 968 1068 ecelesiae
992 999 1125 1084 simplici
1142 1004 1285 1068 doctrina
1306 1008 1410 1067 aucta.

257 1094 400 1176 Denique
423 1094 502 1159 illud
523 1091 646 1157 Wicelii
668 1093 816 1171 studium,
840 1109 901 1172 quo
923 1094 1035 1172 postea
1058 1091 1172 1156 ductus
1189 1090 1411 1174 pacificationis

257 1187 290 1246 et
322 1181 553 1246 reformationis
587 1182 748 1262 negotium
781 1179 934 1261 neglectis
969 1178 1119 1243 ecclesiae
1150 1179 1332 1260 proceribus
1365 1178 1413 1242 rei

254 1269 400 1350 publicae
423 1269 641 1351 gubernatori,
672 1268 869 1349 imperatori,
900 1266 1061 1330 tribuebat
1071 1271 1106 1346 ⁵),
1135 1267 1254 1348 jamin
1277 1265 1411 1331 Erasmo

254 1357 419 1438 invenitur,
433 1362 457 1434 6)
482 1357 535 1437 qui
557 1356 680 1438 adjuvit
702 1356 813 1421 ducem
835 1353 1047 1419 Juliacensem
1067 1355 1114 1419 ita
1142 1354 1339 1420 ordinantem
1363 1353 1412 1418 sui
1509 1364 1512 1369 ’

255 1444 389 1509 ducatus
411 1463 462 1509 res
486 1443 730 1522 ecclesiasticas,
762 1449 798 1507 ut
819 1461 921 1524 papae
944 1449 977 1506 et
999 1443 1216 1524 episcoporum
1241 1443 1411 1506 auratoritas

255 1530 464 1612 omitteretur,
487 1537 524 1596 ut
546 1530 676 1614 parochi
691 1531 760 1612 ipsi,
784 1532 896 1612 quibus
917 1530 1130 1595 ordinationes
1146 1531 1312 1612 impositae
1328 1536 1411 1610 sunt,

254 1639 318 1686 non
341 1621 538 1700 audirentur,
563 1620 616 1700 qui
638 1637 760 1700 semper
782 1621 924 1683 nominat
946 1619 1168 1700 imperatorem
1190 1635 1327 1700 quoque,
1358 1617 1413 1682 ubi

254 1707 405 1790 populum
428 1708 624 1785 adhortatur,
648 1712 685 1771 ut
708 1705 858 1771 ecclesiae
874 1706 1129 1770 reformationem
1145 1708 1184 1771 ab
1200 1707 1239 1771 iis
1256 1709 1410 1787 expectet,

257 1795 370 1877 quibus
389 1797 462 1878 jure
485 1795 587 1861 divino
611 1795 690 1858 haec
713 1811 764 1858 res
787 1794 985 1860 concedenda
1007 1794 1057 1860 sit.
1151 1843 1153 1846 .

342 1883 385 1948 Et
408 1891 493 1948 certo
517 1883 613 1947 etiam
638 1882 723 1962 apud
746 1880 823 1946 alios
846 1883 930 1946 viros
953 1881 1079 1946 Erasmi
1102 1882 1278 1946 studiorum
1303 1887 1413 1946 aucto-

256 1971 334 2035 ritas
364 1970 499 2052 amplius
528 1970 637 2034 valuit.
684 1968 781 2053 Cujus
815 1969 862 2034 rei
894 1969 1028 2050 vestigia
1058 1971 1186 2035 inventa
1216 1987 1284 2033 esse
1312 1968 1413 2033 videri

255 2065 389 2140 possunt
411 2059 443 2121 in
466 2057 545 2123 libro
567 2057 621 2121 illo
645 2057 875 2133 Ratisbonensi,
899 2057 952 2137 qui
975 2075 1012 2120 ex
1035 2057 1144 2121 eodem
1160 2055 1291 2138 pacifico
1308 2057 1411 2121 animo

256 2145 411 2228 profluxit,
436 2164 531 2227 quum
546 2146 590 2209 ibi
607 2164 646 2209 ea
662 2145 732 2226 ipsa
748 2144 897 2209 ecclesiae
912 2142 1098 2226 significatio
1114 2147 1301 2226 reperiatur,
1319 2162 1412 2225 quam

257 2235 408 2298 Erasmus
433 2253 510 2299 usus
532 2233 637 2296 verbis
669 2231 783 2315 psalmi
806 2236 845 2296 83
875 2233 923 2310 „in
953 2249 1016 2313 quo
1047 2230 1169 2297 divinus
1199 2232 1252 2296 ille
1282 2232 1412 2314 spiritus

257 2322 336 2386 mim
359 2321 449 2386 nobis
480 2321 682 2386 commendat
712 2319 863 2384 ecclesiae
895 2320 1160 2403 concordiam,“⁷)
1194 2322 1227 2385 in
1260 2320 1342 2385 libro
1374 2321 1413 2385 de

257 2409 421 2473 sarcienda
444 2409 593 2475 ecclesiae
615 2408 782 2474 concordia
805 2407 1008 2486 adhibuerat,
1039 2407 1117 2473 illud
1141 2407 1260 2473 scilicet
1281 2426 1412 2474 nomen:

261 2495 397 2578 ,Magna
420 2495 559 2564 domus.“
574 2496 600 2580 8)
645 2495 793 2560 Forsitan
816 2496 885 2576 quis
908 2496 1028 2574 dixerit,
1055 2513 1124 2560 esse
1146 2513 1214 2561 rem
1236 2497 1325 2577 parvi
1346 2515 1413 2559 mo-

257 2585 364 2665 menti,
389 2586 445 2650 sed
467 2585 704 2650 considerentur
727 2583 819 2648 baec:
858 2582 917 2648 boc
939 2583 1070 2648 verbum
1093 2584 1222 2648 lrenicis
1253 2582 1413 2664 singulare

256 2673 410 2737 mansisse
430 2673 565 2752 videtur,
589 2690 685 2753 quum
700 2675 913 2752 protestantes
928 2670 1006 2737 illud
1021 2672 1208 2735 mutandum
1228 2670 1409 2748 voluissent,
1454 2714 1456 2720 .

257 2766 353 2842 atque
375 2777 426 2825 res
448 2761 529 2824 tanti
551 2759 700 2824 momenti
722 2758 899 2836 haberetur,
924 2762 959 2823 ut
982 2759 1116 2840 margini
1139 2759 1210 2822 libri
1242 2757 1321 2822 haec
1343 2775 1413 2821 ver·

256 2848 369 2913 borum
391 2847 523 2912 mutatio
545 2846 787 2914 adscriberetur.
802 2849 827 2923 9)

346 2935 383 2999 ln
406 2935 516 3000 eodem
539 2935 620 3000 libro
644 2934 683 2998 de
705 2933 872 2998 sarcienda
894 2933 1046 2998 ecclesiae
1068 2933 1236 2999 concordia
1252 2935 1413 3014 Erasmus,

258 3029 296 3087 ut
317 3024 357 3088 da
377 3021 602 3104 justificatione
625 3027 784 3088 certamen
809 3025 1054 3100 componeretur,
1080 3020 1235 3102 duplicem
1262 3020 1413 3103 justifica-

256 3112 374 3176 tionem
397 3115 569 3175 statuerat:
612 3109 868 3193 justificationem
895 3109 963 3174 sola
990 3106 1050 3173 fide
1080 3109 1281 3190 acquisitam,
1317 3110 1414 3192 igitur

257 3201 445 3280 imputatam
467 3202 563 3280 atque
582 3195 840 3280 justificationem
854 3196 952 3263 bonis
976 3196 1125 3278 operibus
1141 3195 1294 3277 effectam,
1317 3198 1414 3277 igitur

256 3340 467 3351 ..ῳ-..-

364 3388 382 3456 1)
401 3388 537 3442 Dividitur
555 3388 584 3441 in
603 3387 687 3442 libros
704 3395 776 3457 tres,
796 3394 863 3456 quot
881 3387 967 3441 libros
980 3402 1087 3457 quoque
1099 3387 1232 3442 Erasmus
1250 3403 1414 3456 componere

258 3465 406 3528 statuerat3
426 3459 511 3513 habet
541 3458 661 3525 quinque
674 3473 806 3526 personas
824 3457 1016 3524 colloquentes,
1035 3457 1098 3511 dum
1111 3457 1240 3517 Erasmus
1254 3455 1414 3512 solum'tres

257 3530 349 3598 habet,
369 3528 417 3583 sed
435 3528 479 3582 his
498 3527 587 3582 tribus
606 3528 714 3582 Erasmi
731 3529 855 3596 personis
873 3535 930 3582 tres
948 3527 1056 3582 Wicelii
1074 3530 1181 3582 omnino
1200 3528 1376 3596 respondent.

368 3616 390 3685 9)
408 3615 579 3670 Catholicum
602 3616 682 3669 inimo
704 3614 966 3684 „Catholicotatum“
994 3630 1023 3670 se
1047 3622 1132 3671 vocat.
1151 3616 1184 3670 of.
1204 3615 1412 3685 Kampscbulte:

258 3687 300 3742 De
319 3685 434 3742 Wicelio
454 3687 469 3738 l.
488 3702 512 3743 c.
530 3701 556 3754 p.
576 3687 601 3740 9.

366 3774 389 3844 ³)
408 3773 602 3841 Kampscbulte
622 3772 655 3827 de
673 3773 788 3827 Wicelio
808 3789 834 3840 p.
855 3775 896 3830 19.

366 3862 390 3931 4)
408 3861 605 3930 Kampschulte
623 3860 687 3915 ibid.
706 3877 732 3928 p.
751 3864 793 3916 20.

366 3949 388 4018 ὁ)
406 3949 471 4004 ibid.
488 3965 516 4018 p.
535 3952 578 4004 38.

365 4038 388 4107 6)
406 4037 559 4106 Responsio
579 4037 688 4091 Erasmi
707 4035 743 4090 ad
761 4035 904 4104 epistolam
928 4035 1126 4105 apologeticam
1144 4045 1197 4094 etc.
1217 4038 1232 4090 l.
1252 4053 1274 4090 c.
1294 4037 1340 4094 fol.
1359 4035 1412 4102 H,:

260 4107 339 4176 „Non
358 4108 486 4162 succedet
518 4108 648 4163 ecclesiae
666 4107 811 4174 correctio,
839 4107 893 4161 nisi
911 4122 928 4161 a
947 4106 1123 4161 summatibus
1143 4107 1255 4165 orietur.
1290 4106 1322 4160 Id
1341 4107 1414 4162 solus

258 4178 385 4249 pontifex
403 4194 436 4232 ac
455 4177 557 4233 Caesar
575 4185 718 4246 praestare
736 4177 841 4232 valent“
863 4184 915 4235 etc.

366 4263 387 4334 7)
407 4265 439 4320 de
457 4280 526 4320 saro.
545 4281 599 4320 ecc.
619 4280 695 4320 conc.
714 4265 731 4317 l.
751 4281 772 4319 c.
791 4279 818 4332 p.
838 4267 862 4318 4.

366 4352 389 4421 8)
407 4352 472 4406 ibid.
490 4370 516 4421 p.
536 4355 582 4421 793
601 4370 628 4421 p.
647 4355 694 4422 585
713 4369 739 4422 p.
759 4355 801 4406 60.

366 4439 391 4509 9)
409 4439 493 4494 Liber
510 4440 718 4496 Ratisbouensis
737 4441 825 4495 Artic.
845 4441 871 4498 6.
