3172 5120
786 206 825 265 28

316 375 411 442 Praet
399 382 454 452 ter
469 377 563 442 hosce
593 378 752 443 hnmanist
753 395 790 441 as
821 396 861 440 au
864 383 927 441 tem
956 377 1090 442 Erasmo
1120 378 1243 443 sincere
1267 378 1384 444 addicti

226 465 343 544 persist
329 466 443 530 tteban
459 465 545 529 baud
561 466 655 548 petrei
682 473 734 530 vet
732 466 796 528 eris
821 464 985 557 religionis
998 464 1205 531 confessores:
1231 467 1382 544 Basileae,

226 551 437 654 Augsburgii,
452 552 592 618 Tridenti
569 553 759 705 tepitscopi
782 553 936 618 benevolo
971 555 1074 619 animo
1105 555 1133 618 ei
1161 554 1259 618 dediti
1235 561 1382 632 terant

227 641 397 722 praecipue
431 641 621 723 Augsburgii
651 646 746 722 atque
769 642 801 704 ιιι
831 640 904 705 aula
931 641 1102 710 dullacensi
1138 642 1261 708 Erasini
1290 642 1384 707 amici

225 727 353 807 plurimi
382 733 472 793 erant
504 736 536 794 et
558 747 660 811 paene
694 730 837 793 omnibus
868 729 1060 810 principibus
1095 735 1190 810 atque
1218 730 1292 811 ipsis
1321 731 1383 794 Ro·

226 817 327 880 manis
350 813 551 897 pontificibus
581 836 643 882 non
666 817 761 898 plane
792 817 823 882 in
847 813 951 880 odium
974 818 1071 881 venit.
1117 816 1180 882 Sed
1203 835 1298 897 quum
1322 819 1381 898 via,

225 921 318 983 quam
341 905 408 984 ipse
430 905 677 985 ingrediebatur,
710 903 815 968 media
838 909 924 968 esset
946 906 1029 969 inter
1050 905 1215 985 utriusque
1239 905 1383 970 factionis

226 1011 360 1070 cursum,
397 993 549 1056 Erasmus
591 993 761 1074 utrimque,
781 990 873 1056 iactis
907 993 1075 1072 impetibus
1116 993 1276 1076 expositus
1314 1000 1383 1058 erat

225 1087 411 1164 poteratque
439 1081 511 1161 jure
535 1081 656 1158 dicere,
691 1080 789 1144 tutius
813 1080 873 1144 sibi
897 1097 965 1144 esse
994 1082 1026 1144 in
1056 1080 1189 1145 alteram
1214 1081 1383 1146 factionem

165 1222 171 1233 .
225 1169 382 1235 secedere.
394 1167 418 1251 1)

312 1245 388 1320 Sem
387 1255 506 1321 iebat
462 1259 557 1337 trgit
559 1277 596 1320 ur
543 1258 773 1336 tErasrnus,
789 1273 846 1320 sua
869 1255 1006 1321 studia
998 1257 1116 1356 menica
1132 1275 1242 1336 parum
1261 1257 1380 1340 walone,
1423 1286 1427 1295 ·

224 1347 318 1410 toties
341 1345 460 1408 frustra
487 1345 528 1408 ad
558 1364 667 1426 placem
695 1344 845 1408 adhortat
795 1349 882 1408 ttus
911 1349 995 1421 erat,
1030 1345 1137 1424 itaque
1167 1351 1240 1425 post
1264 1363 1380 1408 annum

226 1437 311 1498 1524
334 1432 433 1498 multo
400 1433 559 1498 trarius
582 1452 676 1514 quam
699 1439 755 1496 arnt
756 1451 793 1496 ea
741 1432 947 1497 ctonsilia
970 1429 1102 1512 pacifica
1125 1433 1231 1498 dabat.
1209 1435 1272 1512 qa)
1311 1432 1381 1496 Non

226 1521 313 1602 prius
336 1519 568 1602 pacificatorem
592 1539 626 1584 se
649 1520 848 1601 proditurum
871 1538 941 1584 esse
964 1519 1154 1599 declarabat,
1180 1538 1272 1600 quam
1296 1540 1317 1583 u
1318 1525 1382 1586 tra·
1451 1575 1455 1580 .

226 1628 287 1690 que
310 1627 384 1690 pars
413 1608 539 1690 publica
568 1608 756 1672 auctoritate
789 1626 822 1672 se
845 1608 1077 1674 adhortaretur.
1125 1609 1195 1673 Jmn
1221 1609 1383 1690 inceperat
1466 1651 1471 1662 .

159 1690 163 1698 ’
226 1715 414 1777 componere
437 1697 594 1777 dialogum
617 1699 700 1760 inter
716 1696 958 1776 Trasymachum
975 1695 1199 1777 butheranum,
1223 1695 1382 1761 Eubulum

227 1781 422 1848 Catholicum
446 1790 478 1847 et
493 1783 700 1861 Philalethen,
719 1783 882 1864 arbitrum,
906 1785 938 1848 in
962 1802 1023 1864 quo
1039 1783 1209 1863 placabiles
1226 1802 1382 1864 exponere

226 1873 399 1937 sententias
433 1877 528 1951 atque
563 1872 714 1936 eeclesiae
747 1868 964 1936 reformandae
1001 1870 1129 1934 consilia
1159 1871 1314 1936 disserere
1348 1873 1381 1934 in

227 1959 329 2024 animo
359 1959 508 2022 habebat.
561 1959 652 2022 Hunc
683 1957 797 2022 librum
820 1959 852 2021 in
875 1969 941 2024 tres
968 1964 1077 2038 partes
1101 1958 1239 2023 dividere
1272 1959 1379 2037 voluit,

226 2063 357 2128 quarum
391 2048 492 2128 prima
525 2047 732 2126 inquisiturus
768 2053 850 2126 erat,
890 2065 947 2125 ,an
975 2046 1139 2126 expediret
1168 2065 1206 2112 ea
1235 2047 1287 2112 via
1314 2066 1382 2112 rern

132 2133 135 2137 ’
225 2135 367 2213 tractari,
392 2135 516 2199 etiarnsi
539 2133 699 2198 Lutberus
722 2135 828 2198 omnia
850 2153 925 2197 vera
948 2133 1133 2214 scripsisset,
1141 2140 1154 2167 “
1182 2134 1283 2199 altera
1304 2153 1382 2200 non·

225 2221 312 2288 nulla
336 2223 484 2304 dogmata
513 2222 645 2286 Lutlreri
672 2223 921 2301 examinaturus,
951 2222 1048 2286 tertie
1077 2221 1160 2285 viam
1184 2223 1382 2288 demonstra-

226 2322 317 2374 turus
341 2314 416 2388 erat,
446 2329 526 2391 „qua
541 2310 697 2374 tumultus
721 2309 771 2375 hic
794 2311 839 2374 ita
861 2317 968 2390 posset
984 2309 1087 2390 sopiri
1105 2310 1196 2374 utin
1219 2317 1381 2390 posterum

224 2416 287 2463 non
309 2395 401 2462 facile
423 2397 683 2479 repullulasceret
686 2399 751 2478 .“³)
791 2397 853 2462 Sed
875 2397 1076 2478 quantumvis
1099 2396 1162 2480 imp
1152 2405 1233 2462 rorat
1235 2418 1271 2463 or
1286 2417 1305 2462 a
1306 2405 1381 2480 tque

225 2485 380 2568 Georgius
404 2487 466 2550 dux
488 2486 602 2548 librum
620 2491 747 2566 exspect
749 2491 850 2564 arent,
858 2487 885 2566 )
910 2485 1110 2565 quantumvis
1126 2486 1226 2564 amici,
1252 2493 1288 2550 ut
1310 2505 1380 2570 per-

224 2573 343 2651 ficeret,
366 2573 556 2656 flagitarent,
585 2591 647 2638 non
670 2581 765 2638 antea
788 2573 960 2638 declaravit
946 2578 1016 2636 tse
1039 2591 1111 2636 eum
1127 2573 1192 2638 edit
1179 2580 1286 2638 utrum
1302 2593 1380 2655 esse,

226 2679 320 2742 quam
344 2666 379 2724 ut
380 2679 477 2741 raque
508 2679 583 2742 pars
607 2666 761 2726 commota
789 2679 894 2726 amore
918 2658 1103 2725 concordiae
1133 2660 1206 2726 hort
1194 2667 1276 2726 ttare
1277 2681 1315 2725 ur
1347 2681 1381 2727 se

226 2749 269 2814 ad
289 2749 436 2830 promissi
458 2748 624 2814 voluminis
649 2749 827 2816 editionem.
842 2751 868 2829 ⁵)
914 2748 1004 2826 Quod
1028 2766 1123 2829 quum
1150 2750 1297 2813 nimirum
1321 2769 1383 2815 non

159 2891 164 2900 .
224 2837 371 2914 eveniret,
397 2837 540 2919 dialogus
563 2855 674 2902 revera
698 2837 801 2902 editus
824 2855 885 2901 non
910 2843 959 2901 est
982 2843 1077 2917 atque
1102 2837 1211 2901 eodem
1234 2838 1327 2903 modo
1349 2839 1383 2902 in

224 2923 404 2988 universum
427 2925 589 3002 Erasmus,
622 2942 702 3005 quae
726 2925 895 3003 sentiebat,
925 2925 1094 2989 enunciare
1117 2927 1266 3006 proximis
1291 2927 1383 2990 annis

225 3017 389 3076 cunctatus
413 3016 468 3077 est.
523 3011 596 3077 Solo
629 3012 766 3092 consilio,
800 3013 884 3092 quod
908 3031 990 3077 anno
1026 3015 1108 3076 1526
1142 3031 1210 3076 cum
1238 3013 1383 3078 dohanne

224 3098 327 3163 Fabro
353 3099 600 3178 communicavit,
625 3117 748 3181 quoque
772 3101 912 3166 adhibito
936 3107 1199 3180 componerentur
1222 3100 1382 3182 religionis

224 3186 364 3266 dissidia,
389 3188 534 3268 cognosci
557 3194 673 3268 potest,
696 3189 805 3268 quales
828 3187 945 3253 fuerint
968 3189 1093 3252 Erasmi
1115 3189 1300 3254 sententiae.
1346 3189 1383 3253 In

224 3273 283 3340 hoe
306 3275 435 3388 consilio
452 3275 528 3340 dicit
514 3273 660 3356 t,rrtprof
625 3293 752 3340 uurum
770 3293 847 3356 esse,
872 3277 900 3340 si
921 3276 1037 3358 magist
1039 3277 1065 3337 ri
1081 3294 1119 3340 ac
1135 3277 1380 3354 concionatores,
1473 3297 1475 3304 ¹

226 3381 381 3389 ——-...—
393 3383 403 3387 ,

334 3381 433 3479 W...
437 3429 498 3481 epp.
517 3431 543 3481 p.
563 3415 614 3468 656
634 3413 682 3483 (ad
701 3415 895 3470 Barbiriuma
918 3416 1002 3468 roan.
1030 3413 1122 3480 Quaere
1140 3415 1262 3482 pericula
1278 3417 1314 3472 ab
1331 3417 1383 3470 hoo

225 3485 323 3551 agendi
340 3482 419 3537 modo
439 3483 644 3551 proficiscentia
657 3484 782 3554 Capitoj
786 3501 828 3540 am
847 3501 872 3540 a
888 3488 954 3540 1522
967 3479 1149 3539 Erasmot
1102 3493 1149 3539 ont
1151 3501 1166 3539 e
1184 3487 1276 3540 oeulos
1288 3487 1380 3554 ponit:

226 3554 325 3624 „Cava
343 3569 377 3608 ne
390 3571 404 3606 u
408 3562 533 3622 tremque
546 3554 691 3610 factionem
705 3564 863 3611 retenturus
881 3557 909 3609 in
927 3570 1020 3610 amore
1038 3555 1078 3607 tui
1092 3556 1120 3608 in
1133 3557 1277 3624 utriusque
1291 3557 1383 3611 odium

225 3625 338 3679 incidas.
357 3625 538 3679 Detestantur
550 3625 726 3680 Pteontificii
746 3667 751 3679 .
771 3667 777 3679 .
798 3671 803 3684 .
822 3628 878 3680 Lut
879 3626 975 3680 berani
994 3633 1092 3679 eontra
1111 3641 1161 3680 ceu
1187 3627 1381 3685 desertorem.“

224 3695 357 3764 (Spicileg.
372 3695 422 3748 XV
434 3711 461 3763 p.
475 3695 518 3764 V).
541 3633 669 3762 ,tVidebis
683 3698 772 3751 omnia
789 3697 910 3764 pendere
929 3697 957 3751 in
976 3695 1120 3764 praecipiti
1139 3696 1232 3764 modo;
1252 3698 1383 3751 continuo

224 3766 365 3820 inclinabit
390 3765 463 3819 haurd
486 3765 597 3822 dubium
620 3767 648 3819 in
676 3767 836 3820 alterutram
863 3773 969 3835 partem
996 3782 1088 3820 rerum
1106 3769 1234 3820 summa.“
1264 3767 1337 3834 (ibid.
1356 3783 1382 3835 p.

224 3836 262 3889 V
252 3836 347 3904 1)
368 3835 425 3889 Iam
443 3836 484 3888 ita
502 3837 606 3900 elucet,
633 3852 712 3904 quam
737 3836 841 3956 i'njuste
860 3837 1009 3905 praecipue
1032 3835 1175 3892 timiditati
1200 3853 1232 3891 ae
1251 3837 1382 3892 similibus

224 3907 314 3962 causis
332 3905 444 3960 Erasmi
462 3905 577 3972 pacifica
596 3905 689 3960 studia
707 3907 823 3975 vulgarit
826 3923 857 3962 er
812 3908 1038 3963 ttribuantur

332 3977 352 4042 ²)
371 3976 427 4030 Ηοι
416 3975 561 4043 ttingerl.
580 3993 602 4030 c.
630 3993 656 4045 p.
676 3979 724 4030 29:
755 3978 896 4046 „Liberior
920 3993 1021 4043 essem,
1048 3979 1070 4031 si
1095 3961 1230 4046 viderem,
1260 3993 1302 4031 me
1321 3993 1382 4044 pro·

224 4045 384 4101 lecturum.“

332 4115 354 4185 ³)
374 4115 488 4184 Cataiog
470 4133 496 4184 g,
516 4118 530 4169 l.
550 4133 573 4173 c.
591 4117 637 4171 fol.
656 4117 703 4183 m.

332 4189 353 4254 ⁴)
373 4185 494 4254 Gatalog.
513 4187 559 4240 fol.
579 4187 625 4252 Dp.

332 4258 352 4324 ⁶)
371 4255 433 4310 ibid.
453 4256 498 4311 fol.
517 4256 549 4311 E.
