3172 5120
321 510 421 590 Igitur
459 508 656 590 opinionibus
694 509 864 573 amicorum
905 506 1120 590 Anglicornm,
1164 509 1387 575 Reuchlinicae

233 613 357 680 pugnae
381 597 492 661 ardore
511 597 580 677 J'am
603 614 639 661 eo
671 601 813 678 tempore
837 602 1018 676 apparente,
1044 614 1105 678 qno
1128 596 1278 678 epistolae
1302 597 1386 662 obse.

190 717 196 728 ·
232 687 290 750 vir.
313 684 451 749 nondum
474 683 576 748 editae
600 689 697 763 erant,
724 685 803 749 adeo
826 688 928 748 motus
952 689 1000 749 est
1013 685 1176 765 Erasmus
1200 691 1235 749 ut
1259 703 1388 751 consue-

233 773 373 837 tudinem
389 773 489 837 solnm
513 772 715 852 vituperandi
731 771 961 852 derelinqueret
981 781 1076 853 atque
1092 773 1196 838 studio
1211 773 1388 854 theologiae

234 880 267 926 se
291 861 391 925 daret.
431 861 534 938 Quum
558 861 711 941 epistolae
733 860 818 926 obse.
835 859 892 924 vir.
916 859 1065 924 inlunem
1087 859 1276 942 prodissent,
1293 862 1389 926 etiam

167 983 172 998 -·
234 950 335 1031 magis
357 968 376 1012 a
399 949 566 1031 pugnando
591 949 764 1014 abhorruit.

321 1036 518 1117 Quamquam
541 1043 645 1101 antem
672 1056 691 1101 a
717 1055 823 1118 pugna
849 1036 1100 1099 humanistarum
1131 1037 1272 1118 recessit,
1301 1055 1389 1102 amor

234 1125 301 1204 ejus
324 1124 475 1189 bonarum
498 1124 661 1189 literarum
690 1124 891 1190 nullomodo
919 1124 1170 1189 imminuebatur.
1216 1125 1252 1189 ln
1276 1125 1389 1206 quibus

234 1212 383 1278 ornandis
412 1214 505 1276 etiarn
529 1213 601 1278 inde
636 1213 758 1279 abhoc
786 1218 932 1293 tempore
955 1229 1044 1276 suam
1075 1211 1235 1276 insumens
1261 1231 1389 1294 operam

234 1301 332 1366 edidit
366 1301 561 1378 Suetonium,
597 1301 726 1381 perfecit
760 1299 973 1379 (lolleetanea,
1004 1299 1175 1365 Proverbia
1206 1306 1237 1365 et
1271 1299 1391 1366 Similia

234 1389 418 1471 composuit.
463 1387 526 1454 Sed
549 1388 627 1453 haee
651 1390 756 1454 studia
787 1395 855 1453 turn
879 1388 980 1452 solum
1001 1387 1097 1452 habet
1120 1388 1221 1468 utilia,
1256 1389 1283 1452 si
1307 1388 1400 1453 chri-'

235 1477 356 1541 stianae
380 1477 531 1558 religioni,
555 1479 580 1539 si
604 1477 779 1559 theologiae
801 1477 936 1556 prosint:
972 1477 1111 1555 „literas
1134 1495 1222 1540 arnas
1245 1480 1339 1554 recte,
1364 1477 1390 1540 si

234 1572 363 1647 propter
386 1563 554 1643 Christum,
578 1565 604 1628 si
626 1565 738 1629 literas
761 1565 895 1646 expetis,
925 1570 961 1628 ut
988 1563 1049 1628 illis
1079 1565 1207 1647 adjutus
1231 1563 1389 1629 Christum

234 1656 267 1716 in
289 1654 411 1718 arcanis
440 1652 541 1717 literis
572 1657 733 1735 patentem
756 1652 927 1732 intelligas,
963 1653 1090 1733 accinge
1120 1660 1153 1716 te
1177 1653 1218 1717 ad
1247 1651 1387 1717 studium

234 1740 426 1806 literarum.“
444 1743 469 1823 1)
521 1741 570 1804 lta
603 1741 780 1823 theologiae
816 1745 847 1804 et
876 1759 1026 1805 novarum
1058 1739 1221 1804 literarum
1252 1741 1390 1805 studium

235 1831 435 1911 conjunctum
457 1828 595 1906 volebat,
623 1835 677 1907 ,ut
700 1829 874 1911 inciperent
896 1827 1023 1892 tandem
1046 1827 1149 1893 bonae
1170 1828 1280 1893 literae
1304 1827 1392 1892 Chri-

235 1922 318 1980 stum
341 1921 483 1983 sonare.“
497 1920 521 1999 ²)
572 1917 641 1994 Qua
664 1915 881 1997 conjunctione
904 1916 1004 1981 bonae
1034 1916 1144 1980 literae
1175 1918 1278 1981 animo
1302 1914 1392 1980 Chri·

236 2006 337 2070 stiano
353 2005 523 2085 implentur
536 2009 559 2081 3)
584 2005 736 2086 simulque
759 2002 937 2086 theologiae
953 2003 1095 2068 salubres
1118 2002 1213 2084 fiunt;
1237 2005 1286 2068 vir
1309 2004 1391 2068 enim

235 2093 346 2158 iisdem
374 2093 546 2158 instructus
579 2094 697 2174 majore
728 2092 865 2157 utilitate
895 2090 1011 2170 fontes,
1048 2092 1143 2158 biblia
1178 2110 1268 2158 sacra
1298 2099 1392 2174 atque

235 2199 331 2262 opera
354 2189 479 2263 patrum
496 2180 648 2246 eeclesiae
671 2181 865 2264 perscrutari
882 2183 1031 2262 potesne
1066 2179 1245 2244 Literarnm
1260 2181 1392 2246 seientia

234 2287 328 2349 quarn
351 2269 520 2333 utilitatem
536 2266 673 2348 afferret,
697 2272 764 2350 ipse
787 2271 859 2332 novi
883 2267 1064 2332 testamenti
1089 2268 1225 2333 editione
1253 2267 1395 2349 perlecta

236 2357 522 2434 demonstraverat,
557 2364 631 2421 tunc
665 2357 796 2422 eandem
818 2374 896 2422 rem
931 2356 1122 2437 probaturus
1156 2357 1272 2437 incepit
1307 2375 1391 2421 com·

234 2446 419 2526 positionem
453 2445 693 2526 paraphrasium
728 2444 962 2526 evangeliorum
1000 2450 1095 2526 atque
1128 2445 1280 2510 editiones
1316 2463 1392 2509 non-

235 2532 392 2597 nullorum
416 2533 568 2598 ecclesiae
589 2539 716 2614 patrum
740 2551 881 2614 operum.

324 2622 373 2685 Ad
396 2638 473 2701 quas
505 2621 544 2685 de
575 2621 726 2701 religione
750 2621 924 2702 opinioneS,
960 2619 1106 2701 adquae
1131 2621 1250 2702 judicia
1276 2620 1314 2684 de
1344 2619 1391 2683 sui

235 2710 387 2790 temporis
410 2708 563 2773 ecclesiae
587 2708 732 2774 doctrina
755 2727 792 2773 ac
815 2709 880 2772 m‘ta
894 2707 1023 2788 prolata
1047 2709 1183 2772 animum
1208 2708 1390 2786 adduceret,

235 2813 315 2877 qnae
338 2797 478 2861 remedia
506 2806 706 2880 proponeret,
739 2802 774 2860 ut
797 2801 831 2859 et
854 2795 995 2860 doctrina
1028 2803 1061 2861 et
1083 2797 1149 2860 vita
1173 2798 1390 2878 corrigeretur,

237 2885 401 2950 sententiis
424 2884 508 2949 hisce
532 2885 644 2949 studiis
669 2885 859 2965 comparatis
883 2882 1046 2948 definitum
1069 2891 1127 2948 est.
1163 2884 1271 2964 Neque
1295 2883 1392 2949 ullam

235 2974 446 3053 praetermisit
469 2973 674 3052 occasionem,
699 2990 760 3053 qua
791 2972 848 3035 has
872 2972 1040 3052 opiniones,
1065 2972 1141 3036 haec
1162 2973 1288 3054 judicia,
1314 2973 1393 3036 haec

236 3060 377 3124 remedia
394 3063 630 3141 pronunciaret;
650 3061 692 3138 id,
709 3059 793 3142 quod
816 3061 958 3124 oratione
975 3061 1107 3123 maxime
1131 3061 1280 3124 continua
1295 3062 1392 3125 ratio·

235 3166 338 3229 neque
365 3147 607 3229 completissima
629 3147 703 3213 fecit
732 3149 766 3212 in
803 3147 1001 3226 ,Enchiridio
1032 3147 1139 3212 militis
1170 3149 1349 3213 christiani“
1366 3150 1392 3232 ⁵)

235 3304 285 3341 nus
304 3288 349 3342 ille
367 3287 499 3342 Erasmus
519 3303 568 3342 nos
588 3287 673 3342 veluti
691 3289 803 3356 'pestem
822 3287 957 3354 quandam
976 3284 1145 3353 detestatur,
1169 3287 1253 3356 fugit,
1272 3288 1393 3354 insequi-

236 3359 305 3412 tur.“
344 3358 514 3426 (Lamentat,
542 3358 617 3415 obse.
635 3358 684 3410 vir.
712 3360 740 3412 in
767 3358 838 3425 Epp.
867 3358 941 3414 obse.
974 3358 1023 3410 vir.
1047 3357 1064 3410 l.
1084 3374 1106 3411 c.
1136 3359 1393 3426 1101111153.-

235 3429 458 3483 Lamentationes
486 3445 502 3482 a
522 3427 737 3496 coloniensibus,
756 3444 810 3481 non
829 3428 1050 3482 aReuchlinistis
1070 3429 1238 3495 compositas
1257 3443 1318 3482 esse
1337 3430 1393 3482 elu-

236 3506 280 3554 cet
298 3515 333 3553 ex
351 3499 468 3566 epistola
486 3499 521 3552 ab
530 3499 646 3554 Erasmo
664 3514 689 3553 a.
714 3499 781 3552 1518
807 3497 962 3552 Hermanno
981 3498 1100 3552 Buschio
1129 3499 1226 3552 missa:
1256 3499 1393 3567 „demiror

235 3575 338 3638 autem,
364 3585 419 3624 non
435 3569 540 3637 pudere
558 3569 701 3638 theologos
728 3575 754 3622 et
773 3569 961 3624 sanctissimae
987 3569 1125 3636 religionis
1144 3569 1331 3638 professores,
1350 3578 1393 3624 tu-

235 3641 336 3694 multus
356 3639 436 3693 istius
449 3639 522 3693 modi
535 3640 673 3694 concitare
688 3680 695 3693 .
708 3680 714 3692 .
728 3679 734 3692 .
748 3680 753 3692 .
791 3638 861 3706 Quid
879 3639 1118 3694 lamentationibus
1131 3640 1187 3693 illis
1200 3648 1249 3693 aut
1264 3640 1392 3710 ineptius,

235 3719 284 3766 aut
301 3710 436 3765 indoctius
456 3718 505 3764 aut
523 3710 720 3764 tirolentius?“
758 3709 806 3762 Er.
826 3725 888 3777 epp.
906 3726 932 3776 p.
953 3712 1004 3764 316
1027 3711 1070 3776 -)

345 3781 362 3847 ¹)
380 3781 428 3833 Er.
448 3780 518 3848 Opp.
537 3780 613 3834 Tom.
633 3779 656 3833 V
676 3779 854 3834 Enchiridion
873 3781 966 3833 militis
985 3781 1128 3834 christiani
1146 3795 1173 3847 p.
1192 3783 1234 3832 25.

346 3853 356 3886 ²
386 3851 434 3903 Er.
453 3867 515 3918 epp.
534 3867 559 3918 p.
579 3851 639 3904 836.

343 3924 353 3955 ⁸
384 3921 486 3987 Timet,
514 3937 548 3974 ne
567 3921 739 3975 humanistae
764 3927 791 3974 et
812 3921 905 3975 literas
932 3927 959 3974 et
977 3921 1097 3973 animum
1121 3920 1273 3987 paganismi
1297 3921 1394 3989 recipi·

237 3998 299 4044 ant:
328 4007 415 4060 „nnus
447 3991 534 4045 adhuc
556 3991 702 4058 scrupulus
721 3997 797 4044 tenet
810 3992 927 4044 animum
940 4006 1036 4055 meum,
1055 4006 1089 4043 ne
1102 3990 1152 4043 sub
1166 3992 1277 4045 obtentu
1289 3993 1395 4059 priscae

237 4063 402 4184 {iteratupaeI
414 4062 585 4116 renascentis
605 4071 688 4130 caput
707 4062 813 4129 erigere
832 4069 948 4115 conetur
966 4061 1169 4128 paganismus}
1207 4061 1396 4130 (Herminjard

249 4149 296 4187 .c.
317 4148 369 4186 vo.
441 4134 520 4189 .29.

345 4202 368 4271 ⁴]
387 4147 470 4256 Rapio
484 4133 532 4256 ego
546 4201 691 4256 methodus
704 4218 785 4257 verae
801 4202 952 4270 theologiae
968 4199 1010 4257 ed.
1020 4200 1145 4256 Basileae
1162 4202 1230 4257 1520
1241 4219 1268 4271 p.
1284 4205 1394 4257 16-19.

344 4275 367 4341 *J
388 4272 425 4326 Ut
444 4271 622 4327 Enchiridion
642 4271 781 4339 scriberet,
801 4279 952 4327 commotus
972 4287 1079 4340 quoque
1099 4280 1140 4326 est
1153 4273 1187 4326 ab
1201 4274 1303 4342 Anglis,
1323 4289 1395 4328 corn·

239 4343 346 4412 posuit,
365 4351 397 4396 ut
415 4343 530 4409 Anglnm
550 4342 698 4410 quendam,
717 4342 852 4397 hominem
873 4342 1067 4411 depravatum,
1087 4343 1122 4397 ad
1141 4344 1237 4398 melius
1256 4343 1396 4398 vivendum

241 4413 370 4481 adigeret.
409 4412 621 4475 0111110104.
