3172 5120
739 221 776 279 19

662 435 751 504 cap.
776 434 838 489 111.

248 583 290 650 Dc
313 583 437 650 llrasmi
461 583 576 650 studiis
598 583 728 650 ironicis
750 586 824 668 pest
846 585 958 650 natam
980 583 1110 650 lutheri
1133 601 1263 650 causam

633 688 875 774 apparentibus,

264 829 334 894 Non
357 831 403 894 ita
425 831 558 896 multum
581 835 654 911 post
676 828 808 894 Lntheri
831 834 933 893 ortam
963 845 1089 892 cansam
1120 827 1230 895 foedus
1253 831 1336 894 iuter

176 936 248 982 eum
271 923 303 982 et
325 917 556 983 Reuchlinistas
591 917 709 982 factum
732 922 794 996 est;
829 916 988 980 Lutherus
1012 917 1044 980 id
1068 920 1244 997 appetierat
1280 920 1336 983 bo-

175 1024 289 1070 narum
312 1005 477 1070 literarum
501 1007 633 1070 amicum
656 1023 689 1068 se
712 1005 918 1086 praestiterat
948 1011 1044 1084 atque
1067 1004 1233 1070 Reuchlini
1254 1005 1336 1085 ejus·

177 1111 237 1174 que
261 1094 432 1158 amicornm
455 1092 596 1159 favorem
612 1093 752 1157 nancisci
768 1092 1012 1156 desideraverat.
1027 1090 1051 1174 ¹)
1086 1091 1146 1156 Hic
1161 1091 1249 1158 favor
1264 1101 1336 1174 post

178 1181 422 1262 disputationem
445 1181 571 1262 Lipsiae
597 1180 738 1244 habitam
767 1181 880 1244 audaci
909 1178 1061 1243 monacho
1085 1178 1220 1244 libenter
1243 1200 1337 1263 prae-

175 1269 262 1333 bitus
286 1275 335 1333 est
359 1289 379 1333 a
401 1269 508 1334 multis
532 1269 616 1347 viriS,
641 1269 693 1348 qui
709 1267 810 1332 adhuc
827 1287 846 1330 a
862 1266 1027 1332 Reuchlini
1046 1274 1138 1346 parte
1162 1274 1335 1350 steterant3

176 1357 364 1438 praesertim
388 1356 549 1421 Hnttenus
572 1375 644 1422 cum
659 1355 799 1420 Luthero
823 1373 856 1419 se
881 1357 1051 1437 conjunxit.
1099 1355 1219 1420 Eodem
1244 1357 1336 1422 modo

176 1445 260 1507 inter
282 1443 414 1508 Lutheri
436 1444 553 1524 primos
583 1463 621 1509 ac
648 1445 834 1525 praecipuos
865 1442 1062 1506 adversarios
1094 1444 1210 1524 prodiit
1232 1444 1336 1509 Hach-

177 1535 310 1610 stratns,
347 1530 606 1597 scholasticorum
641 1530 773 1613 signiter
799 1531 833 1595 in
861 1527 1201 1612 pugnalteuchlinica.
1226 1532 1337 1597 -Ut

177 1619 329 1684 Erasmus
358 1622 422 1702 jam
453 1619 515 1684 hac
542 1619 712 1685 factionum
743 1619 944 1683 distinctione
968 1615 1058 1682 facile
1081 1620 1258 1698 permoveri
1282 1639 1337 1702 po·

177 1712 281 1786 terat,
316 1726 356 1771 ne
390 1707 581 1788 rehnqneret
615 1706 732 1789 agendi
764 1708 936 1784 rationem,
971 1723 1064 1786 quam
1098 1707 1130 1770 in
1166 1709 1335 1774 certamine

176 1795 378 1860 Reuchlinicc
402 1794 571 1876 habuerat,
605 1797 652 1860 ita
686 1815 723 1860 eo
754 1794 974 1860 adducebatur
1007 1793 1102 1858 etiam
1135 1794 1197 1858 alia
1230 1814 1335 1863 cansa.

178 1883 329 1959 Quamvis
353 1882 406 1946 illo
437 1886 608 1948 certamine
641 1882 814 1964 tranquilla
846 1882 950 1947 studia
984 1882 1069 1945 haud
1103 1901 1175 1948 raro
1207 1884 1337 1948 turbata

179 1977 303 2052 essent,
338 1971 463 2036 Erasini
491 1977 597 2036 tanmn
623 1971 746 2035 labores
778 1970 818 2034 ad
841 1969 1033 2050 theologiam
1056 1971 1249 2050 pertinentes
1273 1991 1336 2036 non

177 2061 287 2124 inanes
303 2057 439 2124 inerant.
475 2059 583 2124 Potuit
598 2059 682 2122 enim
694 2060 761 2139 jam
778 2059 898 2121 amicus
914 2058 1042 2138 quidam
1058 2059 1087 2121 ei
1102 2075 1298 2122 asseverare:
1310 2062 1336 2142 2)
1373 2115 1378 2121 .

183 2147 299 2224 ,Video
324 2146 479 2226 equidem,
503 2148 551 2211 uti
573 2147 719 2210 videlicet
742 2144 883 2226 theologi
905 2145 959 2208 isti
982 2147 1084 2209 nostri
1107 2146 1239 2210 desertis
1263 2146 1336 2210 Sco-

177 2235 339 2313 tistarum,
364 2233 620 2311 Oceanistarum,
653 2234 734 2297 adde
766 2233 862 2297 etiam
885 2232 1116 2296 Themistarum
1147 2232 1336 2299 factionibus

179 2322 219 2386 ad
243 2323 405 2402 antiquam
428 2321 513 2386 illam
529 2341 566 2386 ac
581 2339 690 2385 veram
706 2339 740 2385 se
761 2320 952 2400 theologiam
973 2325 1166 2400 convertant,
1193 2323 1220 2386 si
1243 2341 1336 2402 porro

177 2411 355 2490 perrexeris
370 2427 459 2474 suam
474 2410 598 2474 arcanis
614 2428 652 2473 ac
663 2408 851 2472 coelestibus
867 2407 968 2472 literis
981 2406 1170 2488 dignitatem
1183 2426 1336 2474 asserere.

177 2496 216 2561 Id
238 2497 322 2579 quod
345 2497 498 2562 hactenus
521 2504 613 2561 tanto
636 2498 693 2560 abs
716 2503 748 2560 te
769 2512 920 2560 successu
935 2495 1054 2560 factum
1070 2513 1139 2562 esse
1156 2515 1277 2576 censeo,
1301 2506 1338 2562 ut

179 2590 265 2650 certe
287 2604 349 2651 non
372 2586 510 2664 videam,
545 2602 638 2665 quern
662 2588 805 2649 veterum
828 2581 1045 2662 theologorum
1076 2584 1135 2647 tibi
1156 2585 1226 2666 jure
1249 2591 1338 2649 ante·

178 2691 295 2754 ponere
319 2675 388 2754 quis
412 2672 534 2738 debet.“
583 2673 656 2738 lam
679 2672 741 2752 ipsi
755 2670 943 2735 Parisiensis
967 2673 1182 2736 universitatis
1198 2672 1338 2754 theologi

178 2761 305 2826 Erasmi
327 2761 438 2825 studiis
461 2759 567 2825 favere
589 2761 786 2841 inceperunt,
800 2761 825 2840 3)
849 2763 883 2822 et
902 2757 969 2838 jam
991 2756 1145 2824 Erasmus
1168 2778 1231 2824 non
1253 2779 1338 2825 vana

180 2849 357 2913 studiorum
380 2867 508 2913 snorum
532 2849 751 2912 aestimatione
774 2845 876 2910 elatus
899 2846 997 2909 Leoni
1012 2845 1051 2908 X.
1075 2846 1217 2928 profiteri
1241 2867 1337 2912 ausus

179 2942 243 3001 est:
294 2936 372 3015 ,Qui
394 2936 548 3000 hactenns
571 2955 588 3000 e
612 2935 758 3016 putribus
785 2934 905 2998 lacunis
936 2934 1156 3014 perturbatam
1178 2935 1338 3016 quandam

180 3028 212 3088 et
234 3023 381 3105 frigidam
404 3023 597 3106 theologiam
621 3023 824 3100 hauriebant,
849 3039 931 3084 nunc
953 3039 970 3084 e
997 3021 1174 3102 purissimis
1196 3023 1338 3088 lontibus

180 3110 298 3176 Christi
326 3117 359 3176 et
387 3111 601 3193 apostolorum
633 3111 760 3174 haurire
788 3109 937 3173 malunt.“
955 3109 982 3192 4)
1029 3109 1132 3186 Quum
1154 3110 1283 3192 igiturj

178 3204 287 3264 tantus
311 3198 422 3264 fuisset
444 3199 570 3264 Erasmi
593 3199 772 3264 studiorum
794 3214 969 3276 successus
992 3215 1054 3262 non
1069 3202 1195 3279 poterat
1218 3202 1246 3264 ei
1269 3217 1338 3264 esse

180 3290 211 3350 in
237 3288 342 3352 animo
366 3287 490 3352 abillis
514 3288 681 3365 desistere,
714 3286 941 3350 mutationibus
963 3285 1108 3349 violentis
1131 3283 1248 3350 favere.
1295 3287 1338 3352 At

179 3381 246 3439 tum
271 3376 375 3441 subito
398 3393 570 3456 exsurgens
593 3373 844 3454 Wittenbergiae
874 3371 1046 3436 monachus
1070 3371 1203 3438 Erasmo
1234 3374 1338 3440 adhuc

178 3464 306 3542 ignotus
329 3469 424 3542 atque
448 3463 487 3527 ab
511 3463 582 3526 aliis
604 3459 765 3542 profectus
788 3460 901 3524 studiis
924 3460 1098 3524 sententias
1115 3459 1243 3526 Erasmi
1265 3463 1338 3528 doc·

180 3551 274 3614 trinis
297 3550 416 3615 similes
438 3549 588 3631 protulit:
629 3565 798 3629 aggressus
821 3553 869 3612 est
892 3547 1044 3612 ecclesiae
1067 3547 1240 3627 depravata
1264 3550 1337 3630 dog-

180 3642 267 3702 mata
290 3643 321 3702 et
344 3639 490 3702 instituta
511 3642 544 3701 et
566 3641 604 3701 ut
618 3635 772 3700 Erasmus
795 3636 977 3716 provocavit
1000 3635 1039 3698 ad
1061 3634 1160 3698 biblia
1183 3653 1275 3702 sacra
1299 3656 1337 3703 ac

289 3846 309 3915 1)
327 3845 375 3900 Er.
399 3862 460 3915 epp.
485 3862 511 3914 p.
537 3849 596 3900 577.
625 3861 650 3901 a.
681 3848 749 3898 1520
777 3845 871 3898 scribit
896 3844 1043 3897 Erasmus:
1073 3844 1146 3912 ‚pam
1170 3843 1339 3912 Oapnionem

178 3933 275 3973 rursus
302 3918 496 3986 ingrediuntur
521 3921 627 3970 tantum
655 3915 716 3969 odio
734 3915 861 3981 Lutheri,
888 3915 935 3982 qui
962 3930 1004 3968 me
1033 3912 1211 3968 dissuadente
1238 3932 1338 3971 nomen

178 3989 249 4042 illius
268 4004 319 4043 suo
338 3989 449 4056 negotio
477 3985 647 4041 admiscens“
667 3993 719 4040 ete.
744 3991 771 4038 et
788 3985 851 4039 ibid.
870 4001 896 4052 p.
916 3987 975 4039 595.
1012 3984 1104 4051 Quare
1123 4001 1146 4038 a.
1168 3988 1234 4039 1521
1256 3987 1336 4041 dicit:

177 4061 274 4127 „gravi
291 4059 393 4112 invidia
411 4059 533 4113 oneravit
551 4057 688 4114 Lutherus
708 4055 917 4111 Rcuchlinnm.“
936 4053 999 4108 ibid.
1017 4072 1044 4124 p.
1066 4056 1142 4112 1697.

287 4129 308 4197 ⁹)
327 4128 506 4196 Herminjard
518 4129 534 4185 l.
548 4143 569 4181 c.
583 4129 633 4181 vol.
645 4128 659 4180 1
672 4144 697 4195 p.
711 4129 745 4180 34
758 4127 845 4180 Nicol.
859 4126 970 4179 Beranlt
983 4126 1101 4180 Erasme
1116 4127 1148 4179 16
1159 4125 1244 4209 Mart.
1259 4130 1336 4182 1518.

288 4199 311 4340 2)
329 4199 395 4323 1ξ1ὲ1.
412 4216 439 4267 p.
457 4201 491 4322 ἑὲ
504 4199 616 4252 Erasmi
633 4213 675 4265 ep.
695 4197 730 4250 ad
742 4197 802 4250 Hut
816 4197 832 4249 9
845 4196 915 4264 Aug.
937 4197 1003 4250 1518
1016 4204 1065 4250 aut
1080 4197 1240 4263 151931b1d.
1253 4214 1280 4266 p.
1294 4201 1336 4252 54.

327 4287 437 4338 11.p.
493 4311 499 4322 .

1233 4371 1266 4426 2*
