3172 5120
728 361 768 418 41

173 531 313 614 quisque,
330 530 413 611 quod
428 547 498 594 6666
515 529 618 610 debet,
632 531 696 594 sint
709 527 873 612 pontifices
888 528 1061 613 pontifices,
1079 528 1194 595 Christi
1208 530 1329 612 vicarii,

173 637 300 702 syncero
329 619 422 683 corde
446 617 552 700 gregis
575 617 721 683 dominici
743 636 851 682 curam
877 622 1015 700 agentes,
1070 617 1139 684 Sint
1166 619 1327 702 principes

171 708 338 788 principes
364 707 485 771 divinae
497 704 640 788 justitiae
655 705 797 785 ministri,
814 705 958 771 monachi
968 705 1207 788 perfectionem,
1232 725 1326 787 quam

172 795 264 860 titulo
293 793 496 876 profiteatur,
531 794 670 859 moribus
705 798 876 876 praestent.
931 791 1120 859 Sacerdotes
1156 797 1264 859 noctes
1294 799 1328 858 et

173 883 240 948 dies
262 881 453 947 meditentur
477 881 515 945 ‘in
536 882 607 964 lege
630 882 760 961 domini,
792 899 853 964 quo
883 882 1005 962 possint
1035 899 1102 947 esse
1133 882 1180 946 sal
1207 881 1325 964 populi.

173 970 233 1047 Qui
255 969 328 1034 laici
350 973 442 1048 sunt,
476 975 658 1034 reverenter
680 971 897 1051 obtemperent
925 969 1157 1049 sacerdotibus,
1192 967 1327 1034 fideliter

172 1063 306 1139 pareant
338 1057 512 1138 principum
540 1057 689 1140 legibus.“
708 1062 730 1134 1)
776 1056 809 1122 Si
837 1057 909 1122 huic
932 1058 1014 1122 vitae
1038 1057 1222 1122 correctioni
1244 1057 1327 1122 serio

174 1146 376 1211 adhibebitur
416 1145 571 1225 studium,
606 1147 634 1210 si
662 1146 770 1226 itaque
809 1145 935 1226 privata
968 1145 1040 1210 odia
1074 1151 1169 1226 atque
1203 1145 1326 1210 rixandi

172 1233 268 1298 libido
292 1232 462 1313 facessant,
480 1237 504 1309 1)
528 1238 596 1297 tum
618 1251 726 1299 omnes
753 1232 924 1298 santientes
953 1235 1093 1313 „piorum
1127 1233 1326 1298 concordiam

173 1320 314 1386 coelestis
338 1320 424 1385 illius
452 1321 589 1386 civitatis
612 1323 780 1403 imaginem
804 1321 894 1385 nobis
920 1327 1177 1403 repraesentare,
1209 1321 1241 1384 in
1263 1337 1327 1401 qua

172 1408 260 1473 nulla
283 1413 332 1474 est
354 1409 535 1489 opinionum
558 1409 744 1488 (1166666161,
758 1409 785 1491 1)
814 1409 916 1474 animo
944 1406 1075 1491 pacifico
1102 1409 1327 1490 implebuntur,

173 1497 227 1578 qui
263 1514 301 1561 eo
338 1496 409 1560 illos
447 1497 590 1577 adducit,
629 1502 683 1576 ,ut
716 1501 850 1577 utraque
884 1515 957 1578 pars
991 1497 1084 1562 alteri
1117 1515 1150 1562 se
1184 1496 1326 1562 nonnihil

172 1585 413 1649 6666161666161.1
428 1584 459 1666 1)

261 1672 346 1738 Talis
368 1672 489 1736 dissidii
512 1673 745 1753 compositionis
775 1677 809 1737 61
836 1671 962 1736 modum
993 1675 1026 1737 et
1053 1671 1246 1738 conditiones
1275 1689 1328 1736 ac·

173 1761 313 1824 curatius
337 1760 472 1842 exponit.
517 1760 707 1824 Persuasum
730 1759 839 1826 habet:
889 1761 988 1838 ,Dum
1018 1759 1064 1824 illi
1096 1759 1172 1825 nihil
1200 1761 1324 1825 omnino

172 1847 337 1928 patiuntur
352 1848 506 1927 innovari,
518 1847 552 1911 hi
566 1847 643 1912 nihil
659 1849 766 1912 sinunt
780 1846 923 1928 relinqui,
936 1853 1109 1928 tempestas
1126 1856 1196 1912 orta
1211 1852 1288 1914 est.“
1298 1847 1327 1931 ⁵)

173 1935 279 2012 Quare
303 1935 396 2000 alteri
417 1935 502 2016 parti
523 1935 556 1999 id
580 1935 710 2016 opponit
731 1934 933 2017 principium:
966 1935 1139 2017 „Pleraque
1161 1935 1325 2017 paullatim

173 2023 211 2088 a'c
233 2041 290 2104 per
313 2024 509 2089 occasionem
532 2024 734 2104 irrepserunt,
759 2041 797 2087 ea
818 2022 981 2103 paullatim
1004 2028 1036 2087 61
1058 2043 1115 2104 per
1130 2024 1326 2090 occasionem

172 2110 311 2176 tollenda
334 2115 442 2189 sunt;“
457 2112 483 2193 1)
514 2110 605 2175 alteri
627 2111 681 2176 illa
703 2111 823 2188 obiicit:
868 2110 916 2175 Ne
939 2118 1123 2176 moveantur
1150 2107 1321 2196 ,daivpcff

173 2203 282 2280 atque:
316 2216 379 2263 nou
408 2198 484 2264 licet
511 2203 647 2278 ,temore
681 2199 855 2264 desciscere
890 2199 930 2262 ab
964 2199 1019 2279 iis,
1055 2217 1137 2279 quae
1169 2200 1325 2282 majorum

171 2287 361 2352 auctoritate
393 2287 512 2352 tradita
542 2286 690 2370 666111)
743 2285 777 2350 Si
808 2290 941 2367 utraque
975 2304 1048 2367 pars
1081 2287 1130 2350 his
1165 2287 1329 2368 principiis

174 2375 313 2453 ducitur,
347 2376 434 2455 pacis
457 2374 667 2439 reconciliatio
690 2373 811 2438 facilior
833 2379 892 2438 est.
945 2375 993 2438 De
1016 2374 1216 2455 dogmatibus
1238 2375 1328 2440 nulla

173 2462 214 2527 sit
236 2463 402 2527 verborum
426 2461 619 2544 digladiatio,
644 2480 723 2526 neve
744 2462 930 2542 ingerantur
952 2463 1042 2527 bonis
1064 2463 1203 2527 moribus
1222 2463 1325 2543 noxia,

173 2550 266 2630 quala
290 2555 338 2614 est
360 2549 455 2614 illud:
483 2549 578 2630 ,nihil
600 2548 704 2630 refert,
728 2550 833 2630 qualia
855 2550 919 2614 sint
941 2567 1036 2631 opera
1058 2556 1177 2628 nostra,
1201 2554 1327 2614 tantum

173 2637 287 2702 habeto
321 2635 414 2703 fidem
449 2641 480 2701 61
503 2638 708 2704 servaberis.“
724 2637 751 2721 8)
801 2639 838 2701 In
866 2637 1010 2702 omnibus
1045 2638 1211 2717 doctrinm,
1246 2656 1330 2718 quae

173 2725 384 2790 contentiosae
406 2730 586 2805 remanent,
620 2726 709 2790 utin
733 2725 807 2789 illis:
844 2743 972 2806 ,preces
994 2744 1031 2790 ac
1058 2726 1141 2792 bona
1163 2744 1260 2806 opera
1281 2726 1327 2789 vi-

174 2813 314 2878 ventium
336 2813 486 2894 prodesse
514 2812 695 2894 defunctis,“
715 2814 739 2888 1)
775 2818 917 2892 ,sanctos
943 2814 1089 2878 nonnihil
1119 2813 1203 2894 apud
1225 2813 1326 2878 Deum

172 2905 293 2983 posse,“
304 2901 346 2982 11)
373 2901 502 2979 ,horum
518 2906 693 2983 temporum
709 2901 971 2966 sacramentalem
986 2900 1211 2966 confessionem
1230 2899 1329 2966 fuisse

174 3007 203 3053 a.
217 2985 343 3053 Christo
366 2990 434 3070 ipso
457 2990 652 3054 institutam“
680 2990 764 3053 sinat
786 2989 868 3053 alter
890 2989 1024 3053 alterum
1052 3007 1126 3068 ,suo
1156 3007 1251 3054 sensu
1274 3009 1327 3054 ac-

173 3076 350 3157 quiescere,
376 3077 474 3142 donec
496 3080 696 3142 sacrosancta
718 3077 853 3158 synodus
877 3076 995 3156 aliquid
1018 3078 1196 3159 expressive
1219 3075 1328 3142 defini-

173 3165 262 3230 erit.“
279 3163 320 3247 11)
377 3164 470 3228 Multi
492 3165 558 3228 dies
586 3163 658 3228 festi
690 3169 822 3246 possunt
854 3163 937 3245 tolli,
977 3173 1027 3244 „et
1055 3165 1140 3230 haud
1175 3165 1251 3246 scio,
1286 3183 1327 3228 an
1415 3219 1418 3227 ,

173 3251 346 3332 expedierit
379 3252 500 3317 nullum
535 3252 660 3317 omnino
689 3251 804 3316 festum
839 3252 966 3317 solenne
997 3253 1108 3334 indici,
1142 3253 1202 3316 nisi
1236 3253 1326 3336 cujus

174 3344 392 3421 argumentum
416 3346 517 3406 exstet
539 3341 573 3404 in
595 3341 695 3405 sacris
717 3340 844 3404 11161161ι
866 3340 909 3424 11)
941 3340 1104 3406 Delectum
1128 3341 1267 3407 ciborum
1291 3357 1330 3404 ac

170 3427 290 3509 Jejunia
313 3446 374 3492 non
398 3429 519 3493 induxit
541 3427 675 3494 ecclesia
697 3429 758 3492 nisi
773 3429 815 3493 ad
829 3429 999 3494 sanitatem
1016 3429 1155 3510 corporis
1172 3433 1204 3494 et
1221 3428 1325 3493 animi.

173 3515 234 3580 Hic
256 3515 353 3596 igitur
375 3516 595 3582 nullusalium
622 3516 780 3597 dijudicet.
793 3518 836 3595 11)
879 3515 1105 3598 Episcoporum
1132 3516 1330 3583 constitutio·

172 3622 382 3630 ———---—-—

282 3654 304 3724 1)
323 3654 355 3710 de
375 3671 443 3711 saro.
462 3671 517 3710 ecc.
536 3671 611 3709 conc.
632 3656 647 3710 1.
666 3671 689 3709 c.
708 3671 734 3724 p.
754 3657 796 3712 92.

282 3725 304 3794 1)
322 3725 386 3784 ibid.
404 3743 430 3795 p.
450 3729 492 3780 93.

282 3798 292 3830 1
322 3796 385 3850 ibid.
404 3813 429 3864 p.
449 3799 492 3854 26.

281 3869 293 3899 1
323 3867 386 3920 ibid
404 3884 430 3936 p.
449 3869 491 3920 93.

223 3963 225 3968 ·
280 3936 303 4035 Σ)
321 3936 443 4060 1616666.
463 3934 647 3992 66666661.
666 3951 692 4004 p.
710 3951 736 4004 p.
756 3938 797 3990 91.

292 4007 382 4072 lii·
445 4066 449 4074 ,

281 4076 301 4144 1)
319 4077 382 4135 ibid.
400 4079 488 4145 p.³'93.

281 4147 302 4214 1)
320 4147 383 4201 ibid.
402 4164 427 4215 p.
448 4151 491 4202 94.

280 4219 302 4286 1)
320 4217 385 4300 ibid.
404 4235 430 4286 p.
448 4219 490 4275 95.

265 4286 520 4426 11)(1ξᾶ66ξ69ξ66.
540 4355 691 4439 66661166.
709 4372 735 4424 p.
755 4359 807 4410 100
825 4357 903 4411 simil.
922 4373 947 4425 p.
968 4360 1027 4427 102,
1046 4373 1073 4426 p.
1094 4357 1152 4412 104.

265 4428 383 4498 1²)ibid.
402 4446 427 4499 p.
448 4429 507 4483 106.
565 4429 601 4497 ¹³)
620 4426 686 4481 ibid.
