3172 5120
619 1082 846 1138 Prooemium.

210 1208 214 1219 '
258 1218 368 1284 Bonae
401 1216 514 1281 literae
550 1219 684 1280 exeunte
718 1215 821 1280 medio
849 1233 927 1280 aevo
958 1217 1087 1277 renatae
1114 1232 1134 1278 a
1157 1212 1314 1294 theologis

150 1305 351 1372 scholasticis
378 1305 530 1370 acerrime
553 1302 836 1385 impugnabantur,
867 1302 907 1366 ab
930 1301 968 1366 iis
993 1305 1111 1378 autem,
1142 1301 1196 1382 qui
1219 1301 1314 1366 etiam

154 1394 235 1460 alias
259 1395 299 1460 ob
324 1411 435 1458 causas
457 1395 625 1473 praesente
655 1409 761 1455 rerum
784 1393 870 1454 statu
892 1407 955 1455 non
979 1389 1118 1454 contenti
1141 1393 1239 1468 erant,
1265 1407 1313 1453 ar·

152 1484 264 1547 denter
288 1480 484 1546 fovebantur.
534 1479 646 1559 Itaque
668 1496 777 1560 pugna
807 1478 890 1542 inter
914 1475 1119 1542 scholasticos
1149 1476 1314 1541 611131113-

154 1572 254 1635 nistas
286 1566 476 1634 inevitabilis
507 1564 592 1632 facta
620 1570 688 1644 esu
721 1584 823 1646 neque
850 1569 976 1646 poterat
1004 1565 1083 1630 haec
1116 1583 1223 1647 pugna
1245 1582 1315 1628 esse
1398 1567 1401 1573 '

156 1657 258 1724 solum
281 1656 435 1722 literaria.
489 1654 592 1732 Quum
615 1656 698 1718 enim
726 1652 910 1719 scholastici
943 1670 1039 1718 caeca
1067 1654 1238 1718 tenacitate
1262 1653 1315 1717 de*

154 1751 304 1830 pravatus
335 1761 410 1808 suas
445 1742 605 1807 doctrinas
635 1741 841 1807 defenderent
869 1745 964 1821 atque
994 1740 1146 1806 ecclesiae
1176 1759 1315 1822 propug-

154 1839 299 1898 natorum
316 1837 424 1914 partes
448 1835 589 1912 agerent,
606 1830 781 1894 adversarii
804 1835 910 1894 autem
932 1828 1048 1894 abusus
1072 1834 1105 1894 et
1121 1828 1315 1910 corruptelas

152 1923 241 1986 vitae
257 1918 485 1985 ecclesiasticae
507 1919 554 1983 ita
568 1918 799 1999 impugnarent,
816 1922 852 1981 ut
868 1917 1017 1982 ecclesiae
1032 1918 1204 1983 auctoritas
1220 1923 1315 1998 atque

155 2011 225 2092 ejus
250 2009 413 2074 doctrinae
442 2006 475 2070 in
498 2025 613 2088 magno
637 2011 745 2070 essent
770 2004 919 2087 periculo,
948 2005 1016 2086 jam
1039 2010 1148 2071 exorta
1171 2011 1239 2070 erat
1262 2004 1315 2069 ho-

155 2099 273 2162 minum
298 2094 451 2162 dissensio
475 2095 568 2160 rebus
592 2093 812 2160 ecclesiasticis
834 2093 1022 2175 periculosa.

242 2183 316 2248 Sine
341 2189 429 2248 certo
463 2182 592 2248 consilio
623 2200 661 2247 ac
682 2179 744 2246 fine
775 2181 853 2246 haec
882 2181 1063 2263 opinionum
1086 2199 1191 2262 pugna
1214 2182 1315 2263 primo

156 2273 243 2337 facta
259 2278 315 2349 est,
332 2276 426 2352 atque
448 2270 508 2335 hoc
524 2276 667 2352 tempore
684 2270 780 2334 etiam
803 2268 956 2334 Erasmus
972 2271 1096 2334 omnino
1113 2270 1316 2350 oppositionis

155 2361 239 2426 viam
259 2359 507 2439 ingrediebatur.
1345 2415 1347 2419 ,

246 2446 402 2529 Conjugio
437 2444 601 2528 illegitimo
636 2450 728 2510 natus
759 2450 841 2526 erat,
875 2463 949 2509 nam
983 2445 1150 2526 propinqui
1182 2449 1315 2526 patrem,

157 2537 344 2618 priusquam
373 2534 604 2599 matrimonium
629 2534 847 2612 contraxisset,
881 2551 1014 2615 peregre
1047 2532 1128 2598 clam
1161 2531 1318 2613 proficisci

160 2629 331 2705 coegerant
364 2629 394 2686 et
417 2627 529 2704 postea
553 2621 765 2703 adduxerant,
797 2627 834 2685 ut
862 2621 992 2703 collegio
1016 2620 1241 2686 monachorum
1265 2641 1316 2687 ac-

158 2713 292 2778 cederet.
339 2709 508 2775 Erasmum
530 2711 634 2792 ipsum
658 2710 766 2775 eodem
788 2728 852 2774 non
883 2726 1041 2791 propensa
1064 2708 1222 2786 voluntas,
1253 2711 1317 2791 sed,

152 2817 251 2880 quum
274 2804 424 2880 parentes
446 2799 616 2863 immature
638 2799 755 2862 mortui
778 2803 893 2875 essent,
916 2801 1057 2862 tutorum
1081 2796 1318 2864 adhortationes

156 2885 392 2968 compuleraut3
416 2885 511 2951 Busci
533 2886 622 2950 ducis
645 2904 708 2950 non
731 2886 799 2950 sine
822 2902 945 2950 morum
969 2885 1121 2966 damn01)
1146 2885 1231 2950 11136
1253 2905 1317 2950 mo-

155 2975 297 3040 nasticae
313 2974 570 3054 depravationem
594 2978 741 3054 expertus
764 2977 843 3036 erat.
876 2971 1020 3038 Fortuita
1045 2972 1085 3036 ab
1101 2973 1161 3038 bac
1185 2973 1318 3038 molesta

156 3063 223 3126 vita
245 3062 399 3126 liberatus
431 3079 527 3141 quum
558 3060 753 3142 aliquamdiu
780 3060 911 3125 Parisiis
935 3066 1193 3141 commoraretur,
1227 3079 1318 3127 occa-

155 3151 277 3214 sionem
300 3157 414 3214 nactus
446 3153 496 3214 est
517 3149 621 3214 minus
645 3149 867 3229 desideratam,
900 3168 964 3230 qna
987 3168 1020 3212 se
1043 3149 1150 3214 taedio
1172 3149 1318 3230 impleret

157 3239 310 3302 scientiae
341 3237 604 3304 scholasticorum
636 3237 867 3319 theologorum,
897 3255 1031 3317 quorum
1060 3237 1175 3302 scholis
1199 3237 1318 3302 diutius

157 3327 319 3391 intererat.
354 3324 469 3391 Postea
484 3325 587 3408 longis
610 3325 851 3408 migrationibus
868 3324 1017 3408 Europae
1033 3344 1179 3408 magnam
1195 3331 1319 3407 partem

158 3413 356 3496 perlustrans
379 3412 645 3494 plurimarumque
668 3414 831 3478 nationum
854 3413 955 3478 doctis
978 3414 1052 3478 viris
1076 3414 1194 3479 crebris
1216 3413 1318 3479 literis

51 3535 53 3540 ,
160 3504 344 3584 conjunctus
367 3501 439 3566 inde
471 3507 506 3569 et
528 3501 653 3567 aliunde
678 3501 838 3584 cognovit,
868 3502 900 3566 in
923 3519 984 3583 quo
1008 3519 1058 3568 res
1082 3502 1318 3568 ecclesiasticae

161 3594 249 3653 statu
271 3595 388 3655 essent.

250 3677 337 3754 Quae
359 3678 405 3742 ita
428 3680 539 3742 tenera
557 3677 724 3758 juventute
747 3682 779 3740 et
802 3681 928 3742 matura
951 3682 1056 3744 aetate
1078 3678 1200 3743 viderat
1225 3681 1319 3760 atque
1412 3679 1414 3684 '

160 3763 335 3844 audiverat,
359 3765 498 3829 animum
519 3764 660 3830 mordaci
683 3765 834 3830 adversus
849 3771 1047 3846 praesentem
1071 3783 1176 3830 rerum
1200 3772 1320 3832 statum

162 3851 336 3916 acerbitate
358 3852 542 3935 implebant,
567 3853 673 3918 studia
696 3854 738 3918 ad
761 3853 867 3934 alium,
890 3871 985 3933 quam
1008 3871 1070 3933 quo
1093 3854 1223 3919 tendere
1247 3873 1320 3921 con-

164 3945 331 4004 sueverant
353 3941 504 4022 homines,
520 3938 614 4005 finem
631 3939 825 4023 dirigebant:
848 3939 978 4023 Semper
1000 3941 1041 4006 ab
1058 3941 1127 4007 aliis
1143 3943 1321 4023 impeditus

164 4045 326 4108 nunquam
350 4028 488 4112 adjutus,
520 4047 622 4111 paene
646 4028 761 4111 ubique
784 4029 836 4108 113,
867 4031 921 4109 qui
944 4030 1028 4095 circa
1060 4048 1131 4094 eum
1155 4037 1260 4110 erant,
1286 4049 1320 4096 se

165 4133 328 4197 opponens
352 4115 468 4198 ingenii
497 4118 691 4183 voluntatem
715 4118 782 4199 jam
816 4136 913 4198 puero
935 4117 1028 4202 Hegii
1058 4117 1172 4185 scholis
1195 4116 1322 4184 infixam

165 4239 375 4249 m.-

274 4289 293 4356 1)
312 4289 432 4359 Knight:
461 4288 536 4345 hebra
554 4301 603 4346 bon
622 4291 749 4348 1111111111
769 4293 837 4346 1736
855 4309 881 4360 p.
901 4293 929 4362 93
950 4291 1120 4348 dissimulare
1138 4294 1175 4348 ibi
1194 4293 1294 4348 didicit.

725 4398 729 4403 ’
1217 4383 1230 4435 1
