3172 5120
787 332 827 390 24

225 503 324 567 mines
354 501 456 584 primo
490 501 566 582 ipsis
602 501 795 582 corrigendis
829 519 960 582 operam
994 519 1120 567 navare.
1138 503 1162 584 1)
1214 501 1385 566 Praeterea

224 590 324 655 literis
348 588 463 655 Carolo
487 596 581 670 atquc
604 589 792 668 Gattinario,
817 589 1016 670 imperatoris
1041 589 1247 669 cancellario,
1279 589 1384 656 missis

224 677 382 758 pollicitus
406 682 472 756 est,
506 695 541 742 se
571 676 703 742 consilia
725 676 858 757 pacifica
881 677 1060 742 accuratius
1083 677 1281 757 prolaturum
1304 693 1382 758 esse,

224 767 251 830 si
273 765 544 830 istaaudirentur
566 783 667 845 neque
690 767 809 830 autoris
833 782 948 830 nomen
971 764 1179 845 evulgaretur.
1193 769 1218 842 2)

313 851 413 918 Caute
435 853 533 932 igitur
555 871 607 932 ea,
643 871 723 934 quae
746 852 964 931 desiderabat,
996 851 1123 932 detulit,
1148 857 1180 917 et
1202 853 1343 933 quamvis
1366 870 1384 917 e

224 940 327 1006 verbis
358 940 492 1020 intelligi
522 945 645 1021 posset,
679 940 754 1021 quid
786 943 925 1021 optaret,
960 940 1093 1006 inimicis
1123 946 1231 1005 tamen
1265 945 1383 1004 certam

224 1028 429 1112 aggrediendi
452 1045 580 1093 causam
595 1046 658 1093 non
681 1029 837 1110 praebuit.
885 1027 986 1093 Homo
1004 1029 1086 1092 enim
1104 1028 1305 1106 umbraticus,
1330 1028 1384 1106 qui

224 1116 352 1198 proprie
376 1121 527 1195 vocatur,
554 1116 603 1179 vir
630 1116 756 1194 doctus,
791 1115 937 1193 timiduS,
972 1115 1163 1195 imbecillus,
1196 1121 1232 1180 ut
1260 1114 1383 1180 fortiter

225 1209 320 1285 atque
345 1203 497 1269 audacter
519 1203 639 1268 calamo
667 1203 832 1283 utebatur,
866 1205 911 1268 ita
940 1222 1005 1269 non
1034 1202 1162 1268 valebat
1190 1203 1314 1285 publice
1337 1201 1382 1266 lo-

224 1292 348 1373 quendo
371 1310 408 1357 ac
431 1290 666 1372 respondendo,
699 1292 745 1355 ita
772 1291 881 1356 timide
912 1291 1039 1373 publice
1068 1290 1226 1373 prodibat.
1277 1290 1383 1368 Quare

225 1397 282 1444 suo
316 1379 384 1444 loco
420 1378 558 1443 Fabrum
591 1379 675 1442 misit
708 1380 740 1442 in
775 1379 894 1458 aulam,
915 1381 940 1462 3)
980 1377 1141 1461 professus
1178 1385 1284 1444 autem
1323 1383 1381 1458 est,

224 1486 259 1533 se
287 1468 464 1532 studiorum
496 1467 590 1549 hujus
618 1467 677 1531 viri
706 1468 893 1549 participem
916 1485 998 1546 esse,
1032 1465 1170 1531 Fabrum
1193 1466 1382 1546 Peutingero

224 1556 445 1620 commendans
454 1557 485 1635 4)
518 1561 614 1635 atque
638 1555 768 1619 consilia
791 1554 1000 1637 proterentem
1025 1553 1157 1633 iaciens,
1181 1572 1262 1634 quae
1285 1555 1383 1618 etiam

224 1661 282 1708 sua
305 1661 374 1708 esse
396 1647 534 1708 testatus
557 1647 619 1720 est,
651 1661 747 1723 quum
772 1643 961 1722 declararet,
990 1661 1027 1706 ea
1050 1641 1211 1722 colloquiis
1235 1661 1305 1706 cum
1328 1640 1382 1705 illo

223 1729 339 1796 habitis
374 1735 445 1795 orta
479 1748 562 1809 esse,
598 1748 755 1811 quumque
789 1730 1013 1812 progrediente
1045 1731 1186 1795 oratione
1218 1749 1278 1792 non
1309 1746 1382 1792 raro

223 1835 281 1899 pro
305 1818 401 1882 tertia
423 1819 525 1898 prima
548 1835 683 1898 persona
704 1823 858 1883 uteretur.
877 1819 903 1894 ⁵)
950 1819 992 1882 Et
1020 1818 1059 1881 ob
1090 1817 1222 1882 eandem
1253 1833 1382 1881 causam

224 1905 408 1987 imperatori
431 1922 556 1986 quoque
589 1905 718 1986 ejusque
746 1905 930 1970 cancellario
954 1905 1047 1986 dixit,
1082 1923 1116 1970 se
1149 1906 1250 1970 solum
1280 1904 1381 1969 literis

224 1993 305 2056 viam
328 1993 370 2056 ad
392 2010 502 2073 pacem
525 1993 755 2057 restituendam
779 1994 996 2058 demonstrare
1012 1993 1104 2058 velle.
1150 1993 1211 2058 Sed
1232 2000 1300 2056 tum
1323 1991 1382 2068 hoc

223 2079 348 2162 publice
372 2081 547 2162 prodeundi
569 2080 710 2146 taedium
734 2081 829 2146 etiam
845 2081 908 2146 alia
923 2100 958 2145 re
973 2079 1117 2146 effectum
1133 2087 1192 2147 est.
1230 2081 1271 2144 Iis
1288 2079 1380 2158 enim,

224 2167 278 2248 qui
300 2168 395 2233 nimio
419 2169 524 2233 studio
548 2168 697 2234 ecclesiae
728 2187 857 2234 causam
881 2168 1088 2234 defendebant
1118 2175 1151 2235 et
1181 2169 1381 2233 acerbissimo

224 2254 296 2320 odio
320 2257 487 2321 Erasmum
510 2256 793 2337 prosequebantur,
818 2257 904 2321 nullo
928 2257 1021 2322 modo
1045 2259 1113 2321 erui
1136 2262 1270 2338 poterat,
1294 2254 1381 2319 illum

223 2342 425 2408 Lutheranae
447 2343 588 2408 haeresis
611 2350 772 2410 auctorem
795 2364 857 2411 non
879 2345 981 2409 minus
1006 2345 1223 2411 detestabilem
1245 2343 1382 2408 haereti·

224 2449 295 2495 cum
325 2450 418 2512 quam
441 2430 615 2496 Lntherum
648 2433 750 2513 ipsum
780 2451 858 2499 esse.
906 2432 1011 2514 Atque
1039 2433 1149 2498 iisdem
1181 2433 1257 2496 viris
1291 2447 1382 2495 omne

223 2518 409 2584 clementiae
432 2519 573 2599 verbum,
598 2538 689 2584 omne
711 2521 798 2602 pacis
814 2521 953 2585 studium
976 2539 1027 2584 res
1044 2521 1260 2586 odiosissimae
1280 2523 1381 2584 erant.

223 2606 426 2689 Quantopere
448 2607 546 2689 igitur
568 2607 719 2672 Erasmus
753 2608 813 2672 sibi
843 2609 904 2691 ipsi
927 2609 1065 2674 debebat
1098 2609 1227 2687 timere,
1263 2611 1381 2688 quanto

223 2695 327 2759 minus
360 2699 489 2775 poterat
520 2712 667 2775 sperare,
700 2698 914 2761 restituendae
945 2697 1033 2776 pacis
1067 2714 1196 2762 causam
1232 2711 1382 2776 prospere

224 2787 409 2846 eventuram
433 2799 516 2860 esse,
552 2783 579 2846 si
602 2783 670 2864 ipse
692 2784 818 2864 publice
841 2786 874 2848 in
897 2783 955 2848 hoc
978 2783 1140 2864 negotium
1162 2783 1382 2848 incumbebat?

222 2869 344 2934 Timida
367 2888 454 2934 mens
478 2870 507 2935 ei
530 2871 625 2935 etiam
648 2873 850 2953 exaggeravit
879 2872 957 2936 haec
979 2872 1176 2936 incommoda
1203 2875 1298 2952 atque
1320 2869 1382 2934 buc

223 2957 407 3037 accedebat,
439 2959 523 3039 quod
546 2959 575 3023 ei
598 2958 682 3023 haud
706 2960 750 3023 ita
772 2961 898 3041 penitus
922 2965 992 3024 erat
1014 2977 1215 3040 persuasum,
1247 2960 1280 3022 in
1308 2955 1382 3021 aula

223 3042 329 3109 Caroli
352 3044 429 3108 nihil
451 3047 557 3111 valere
580 3046 658 3112 istos
682 3047 774 3112 nimis
790 3047 990 3113 vehementes
1014 3047 1144 3112 butheri
1167 3047 1285 3112 hostes.
1331 3044 1381 3109 Ob

221 3131 303 3199 hanc
334 3149 457 3213 quoque
492 3152 559 3198 rem
591 3134 624 3198 in
657 3135 795 3216 epistola
817 3136 1007 3216 Peutingero
1036 3137 1153 3216 scripta
1182 3133 1382 3200 consiliorum

223 3219 321 3284 alium
346 3226 508 3285 auctorem
531 3223 564 3285 11
586 3222 687 3303 primo
711 3224 817 3303 posuit
839 3224 917 3303 loco,
941 3224 981 3288 ob
1004 3223 1088 3288 hano
1111 3242 1179 3288 rem
1201 3220 1380 3304 postulavit,

222 3327 262 3373 ne
287 3325 400 3372 nomen
424 3327 515 3374 suum
538 3307 753 3390 evulgaretur‚
777 3311 877 3391 petiit,
902 3330 964 3392 quo
980 3311 1180 3393 imperatoris
1195 3309 1381 3374 aulicorum-

224 3413 284 3477 que
309 3397 446 3460 animum
470 3397 661 3478 exploraret,
696 3403 732 3462 ut
766 3398 861 3464 certis
884 3400 988 3466 verbis
1020 3401 1119 3480 primo
1143 3400 1381 3479 permitteretur

223 3483 353 3549 consilia
376 3485 615 3550 communicare.

310 3571 356 3636 Ac
378 3589 450 3636 mox
477 3572 639 3652 apparuit,
675 3591 769 3654 quam
799 3574 919 3656 justam
949 3574 1111 3639 habuisset
1142 3579 1234 3640 caute
1265 3572 1381 3655 agendi

222 3676 358 3723 causam.
407 3656 547 3724 Consilia
570 3661 652 3724 enim
676 3661 866 3743 Peutingero
889 3663 964 3727 data
986 3662 1130 3743 neglecta
1152 3667 1238 3740 sunt,
1269 3661 1311 3725 ad
1332 3677 1380 3740 ea,

222 3783 433 3792 -u-——.—

221 3815 352 3940 286-8?
371 3814 405 3870 cf.
425 3815 553 3885 Stichart,
571 3817 645 3886 apud
663 3833 742 3885 quem
761 3818 938 3887 paraphrasis
957 3826 1050 3888 partes
1067 3819 1257 3885 inveniuntur,
1276 3817 1293 3870 l.
1312 3833 1336 3874 c.
1355 3833 1381 3885 p.

330 3925 352 4024 11
370 3955 417 4010 Ε1.
437 3972 499 4026 111.
518 3973 543 4026 p.
565 3961 630 4012 1411
651 3956 770 4026 (Pflugio
790 3959 922 4014 Erasmus
942 3976 965 4014 a.
986 3961 1074 4030 1531).
1382 3923 1391 3932 ἱ

331 4027 354 4093 ³)
375 4027 421 4080 Er.
444 4043 505 4095 epp.
530 4045 555 4095 1.
581 4031 632 4082 592
650 4028 854 4098 (Peucingeroh
892 4029 963 4097 „Sed
989 4031 1071 4098 hujus
1101 4030 1206 4084 consilii
1234 4031 1302 4083 viam
1321 4027 1382 4095 ipse

223 4096 273 4163 (sc.
287 4095 730 4235 Fabfrilbiqiibiatestupeonet508o4xaz1ivxru
751 4168 919 4238 Gattinario)

248 4280 256 4293 .
330 4235 352 4304 ⁶)
370 4237 417 4292 Er.
429 4183 500 4306 ’eppq
516 4255 541 4307 p.
554 4184 614 4293 Ι190
633 4247 661 4294 et
679 4199 706 4306 pl.
725 4209 862 4296 ο590--92,
899 4211 973 4294 Haec
1000 4240 1113 4294 consilia
1138 4241 1248 4296 Erasmi
1274 4254 1383 4307 quoque

127 4345 130 4352 .
222 4306 321 4373 fuisse,
341 4307 473 4373 probatur
492 4309 655 4376 paraphrasi
674 4310 809 4377 epistolae
828 4309 906 4364 Pauli
925 4309 960 4364 ad
979 4309 1114 4376 Ephesios
1136 4311 1193 4374 (Er.
1213 4310 1282 4378 Opp.
1302 4310 1381 4364 Tom.

222 4375 295 4444 Vll),
313 4377 342 4429 in
360 4391 416 4442 qua
434 4377 521 4432 simile
540 4378 676 4445 quoddam
690 4379 838 4447 profertur.
858 4379 893 4435 11.
913 4379 1034 4436 Stichart
1053 4381 1067 4433 Ι.
1087 4397 1109 4438 c.
1129 4397 1155 4449 p.
1175 4383 1306 4435 326—27.
