3172 5120
711 165 713 176 '
748 205 764 262 u

177 380 274 456 atque
296 375 328 439 in
353 374 519 456 ,Methodo
543 393 636 440 verae
664 374 870 456 theologiae.“
920 373 1072 456 Cognosci
1091 377 1198 457 itaque
1220 381 1335 458 potest,

174 464 272 544 quale
295 462 437 528 docuerit
460 468 598 544 systema
620 462 843 545 theologicum.
856 463 880 544 1)

100 621 105 636 ,
266 552 448 617 Doctrinam
472 550 625 615 intellexit
649 551 849 616 obscuratam
866 550 1021 632 dogmatis
1044 550 1247 630 scholasticis,
1271 552 1336 632 pie-

176 643 279 704 tatem
316 640 490 705 obsoletam
524 639 763 704 cerimoniarum
795 638 895 717 eultu,
931 639 1010 703 vidit
1039 639 1189 703 ecclesiae
1223 637 1336 704 faciem

175 725 358 793 deformem.
414 727 466 792 lta
502 745 553 792 res
587 734 771 808 praesentes
809 733 973 807 pertaesus
1010 727 1147 792 melioris
1185 728 1335 809 temporis

178 816 336 896 puriorem
360 815 548 894 doctrinam,
581 815 739 895 puriorem
761 816 859 879 vitam
887 814 1040 880 desiderio
1063 819 1250 896 prosecutus
1274 821 1334 881 est.

180 903 248 980 Qua
271 905 303 967 in
326 921 361 966 re
390 903 504 968 iterum
528 904 757 968 consentientes
790 903 928 968 habebat
958 904 1074 967 amicos
1105 903 1266 984 Anglicos
1302 903 1334 966 in

178 991 287 1072 primis
309 991 463 1056 Thomam
487 991 624 1071 Morum,
657 992 710 1071 qui
733 991 892 1056 moestitia
917 992 1013 1054 animi
1037 989 1168 1056 affectus
1192 991 1333 1054 intristi

178 1097 284 1143 rerum
307 1085 395 1144 statu
418 1080 579 1162 gaudebat
602 1080 729 1144 somniis
753 1079 891 1144 melioris
915 1078 1030 1158 munci,
1054 1097 1147 1160 quem
1171 1083 1207 1143 ut
1231 1079 1334 1159 splen-

175 1167 286 1230 didum
310 1167 468 1247 quoddam
483 1167 597 1232 mentis
613 1165 790 1232 aedificium
804 1167 845 1231 in
865 1167 1017 1247 „Utopial
1041 1167 1216 1247 descripsit.
1251 1166 1336 1231 ’16116

178 1256 288 1320 mundi
309 1255 409 1320 forma
436 1255 665 1336 perfectissima
696 1254 828 1320 Erasmo
853 1254 1020 1320 videbatur
1049 1253 1146 1318 luisse
1174 1256 1337 1334 primaeva
1424 1296 1427 1302 -

177 1342 350 1408 christiana
379 1343 522 1422 66616616,
558 1361 596 1407 66
627 1343 774 1420 66616616,
813 1360 925 1423 „quam
959 1340 1103 1406 Christus
1141 1342 1217 1406 nihil
1249 1342 1337 1406 aliud

178 1429 278 1494 661611
308 1449 389 1510 6666,
424 1449 518 1512 quarn
550 1431 719 1496 coelestem
750 1431 908 1512 quendam
932 1428 1079 1512 populum
1112 1431 1262 1494 interris
1296 1431 1337 1495 ad

175 1517 324 1582 coelestis
349 1518 486 1584 civitatis
510 1521 678 1600 imaginem
712 1520 897 1583 viventem.“
915 1520 941 1601 2)
988 1517 1060 1582 Sine
1095 1518 1267 1583 eruditione
1305 1523 1337 1582 61

180 1605 296 1670 divitiis
321 1609 476 1671 communi
500 1605 699 1675 fortunarum
715 1607 912 1688 possessione
931 1607 1035 1687 juncti
1057 1607 1150 1687 primi
1174 1605 1336 1673 christiani

178 1694 278 1758 vitam
302 1694 458 1776 degebant
480 1713 641 1776 nunquam
670 1695 826 1760 discordia
848 1695 1018 1774 turbatam,
1043 1693 1225 1774 simplicem,
1249 1695 1337 1756 inno-

175 1787 312 1863 centem,
335 1802 456 1864 puram‚
488 1784 661 1848 secundum
683 1801 764 1864 pura
786 1801 823 1846 66
851 1781 1004 1864 simplicia
1027 1779 1146 1846 Christi
1168 1787 1337 1863 praecepta

180 1870 341 1935 directam.
391 1870 449 1935 His
480 1871 546 1936 fere
577 1872 681 1936 verbis
715 1871 910 1952 primaevam
939 1870 1102 1934 ecclesiam
1134 1869 1337 1934 christianam

180 1958 344 2037 describit,
377 1959 434 2024 sed
463 1959 641 2041 paullatim,
675 1960 732 2039 ait,
764 1959 848 2022 61166
872 1963 904 2022 61
926 1959 1087 2022 doctrinae
1114 1957 1234 2038 puritas
1258 1958 1337 2022 adeo

176 2047 317 2125 evanuit,
334 2052 369 2110 ut
392 2066 455 2112 non
473 2048 540 2130 jam
556 2047 692 2128 intelligi
707 2047 808 2128 possit
823 2046 925 2127 prima
940 2044 1090 2110 ecclesiae
1109 2043 1218 2110 forma.
1254 2043 1337 2121 Quo-

176 2134 271 2198 modo
295 2134 434 2199 malain
458 2135 622 2201 ecclesiam
652 2135 847 2216 irrepserint,
872 2139 982 2214 etqua
1005 2135 1126 2198 ratione
1149 2134 1338 2197 restituatur

181 2240 254 2286 vere
277 2221 449 2288 christiana
471 2224 590 2304 religio,
615 2224 740 2304 saepius
767 2223 918 2302 explicat:

273 2309 430 2387 „Primum
451 2311 580 2392 irrepsit
603 2311 748 2390 eruditio,
772 2311 859 2374 velut
882 2309 994 2373 idonea
1022 2327 1072 2374 res
1107 2309 1148 2373 ad
1171 2307 1336 2374 confutan-

179 2397 238 2461 dos
261 2397 466 2463 haereticos.“
515 2399 636 2464 Deinde
663 2400 739 2478 „sub
760 2404 931 2481 praetentu
954 2397 1140 2480 profligandi
1163 2397 1338 2462 haereticos

178 2486 338 2566 subrepsit
361 2485 529 2551 ambitiosa
559 2487 681 2552 rixandi
704 2485 881 2568 cupido.“⁸)
927 2485 1007 2550 Tum
1035 2491 1201 2568 postquam
1226 2491 1338 2566 coepta

179 2578 254 2638 sunt
282 2574 461 2638 Aristotelis
502 2575 649 2653 „decreta
683 2593 754 2639 cum
783 2573 901 2638 Christi
938 2574 1083 2639 doctrina
1113 2573 1334 2654 adglutinari,“

181 2667 348 2743 postquam
377 2662 430 2726 1116
462 2663 513 2742 ,16
535 2663 670 2728 mediam
690 2662 882 2744 theologiam
905 2666 992 2727 16166
1014 2665 1165 2742 receptus·
1183 2660 1338 2742 hujusque

181 2751 355 2814 auctoritas
379 2769 480 2830 paene
504 2752 641 2815 sanctior
664 2769 757 2831 quam
782 2749 919 2815 Christi“
945 2749 1030 2814 lacta
1053 2756 1110 2828 661,
1138 2785 1176 2794 -
1205 2748 1262 2826 „ab
1279 2748 1339 2813 hoc

180 2837 345 2901 didicimus
369 2855 431 2902 non
454 2855 523 2904 esse
547 2837 719 2919 perfectam
742 2838 876 2903 hominis
899 2836 1089 2916 felicitatem,
1114 2837 1176 2900 nisi
1199 2837 1339 2917 corporis

177 2931 215 2990 et
237 2923 385 2990 fortunae
407 2926 492 2990 bona
520 2927 728 3004 accesserint,
762 2944 824 2992 nun
848 2943 939 3006 posse
969 2925 1081 2989 llorere
1104 2923 1337 3005 rempublicam,

183 3011 215 3075 in
238 3030 300 3093 qua
323 3014 386 3078 sint
409 3015 513 3078 omnia
543 3014 739 3080 communia“
769 3052 807 3060 -
832 3018 902 3078 tota
925 3011 1042 3077 Christi
1059 3012 1214 3081 ¹doctrina
1238 3012 1339 3076 ethni-

181 3119 289 3164 corum
311 3101 411 3164 literis
434 3104 647 3166 contaminata
671 3106 727 3180 661,
751 3111 787 3166 61
803 3099 921 3168 Christi
939 3102 1007 3183 jam
1023 3099 1150 3166 decreta
1172 3105 1227 3165 aut
1250 3119 1339 3182 pror·

182 3185 435 3268 amoliendam,
468 3196 524 3255 aut
547 3191 589 3255 ad
616 3190 742 3255 illorum
766 3190 916 3272 dogmata
939 3194 1165 3268 torqueantur,
1195 3194 1230 3251 ut
1259 3205 1340 3268 quae

181 3277 319 3340 omnium
350 3279 520 3344 communis
549 3297 618 3344 6666
649 3278 757 3358 debet,
781 3295 800 3340 a
822 3276 1042 3359 philosophiae
1072 3276 1183 3360 ignaro
1207 3274 1340 3356 intelligi

290 3421 308 3479 1)
328 3417 371 3470 Ab
394 3419 446 3471 hoc
472 3418 636 3485 explicando
661 3418 767 3472 initium
791 3416 857 3472 mihi
879 3415 1109 3480 faciendumst,
1134 3429 1214 3482 quum
1237 3415 1289 3469 hac
1308 3429 1339 3468 re

182 3487 378 3554 disputationis
401 3487 607 3542 fundamentum
628 3488 755 3556 iaciatur,
775 3502 911 3554 quumque
935 3486 1017 3541 etiam
1042 3486 1071 3538 iu
1090 3485 1268 3539 describendo
1288 3487 1340 3538 hoc

182 3565 330 3625 systemate
358 3559 428 3612 riam
455 3558 590 3613 inveniam
617 3573 715 3626 parum
745 3562 946 3625 praeparatam.
992 3556 1099 3624 Etiam,
1127 3555 1173 3623 qui
1201 3561 1339 3624 postremo

182 3627 280 3680 librum
299 3628 332 3681 de
350 3628 466 3682 Erasmo
486 3629 647 3696 composuit,
666 3628 698 3685 F.
712 3627 742 3686 0.
763 3627 885 3682 Stichart
902 3625 1041 3694 (61616611
1060 3623 1340 3693 6115166661870),

176 3697 303 3764 quamvis
323 3698 453 3766 plurimos
478 3713 512 3752 ex
530 3699 639 3753 Erasmi
651 3699 780 3766 operibus
801 3702 940 3766 promptos
962 3698 1035 3751 locos
1054 3697 1159 3764 maguis
1184 3695 1340 3764 diligentiae

181 3766 324 3835 impendiis
343 3769 529 3836 congesserit,
550 3770 601 3823 viri
620 3777 759 3836 naturam,
780 3769 839 3837 ejus
859 3767 1014 3822 studiorum
1033 3767 1151 3820 valorem
1169 3767 1340 3821 accuratiore

180 3837 367 3957 aequiorleque
387 3839 492 3906 judicio
512 3839 668 3895 describere
692 3839 850 3907 planiusque
870 3838 980 3906 cognita
999 3837 1088 3891 animo
1107 3835 1340 3904 comprehendere

182 3923 238 3961 non
257 3911 348 3962 veuit.
470 3947 473 3954 2

290 3977 453 4048 1)1>61611166
480 3981 538 4035 sive
561 3980 623 4034 belli
647 3979 793 4034 detestatio
814 3977 941 4032 Coloniae
959 3980 990 4032 8⁰
1010 3977 1101 4042 (editio
1127 3977 1185 4030 sine
1208 3977 1272 4030 anni
1291 3993 1340 4030 nu·

170 4063 259 4103 amero
279 4055 306 4104 61
325 4049 500 4117 impressoria
519 4051 639 4118 nomine3
668 4049 843 4104 similitudine
868 4064 957 4108 rerum
983 4047 1034 4102 boc
1057 4047 1125 4101 libro
1151 4053 1341 4102 contentarum

182 4120 330 4187 probatur,
355 4120 429 4173 illum
447 4121 542 4175 eodem
561 4129 698 4192 tempore,
718 4135 770 4188 quo
791 4119 925 4188 „Querela
944 4118 1048 4188 pacis“,
1069 4119 1204 4184 scriptum
1223 4133 1284 4172 6666
1304 4132 1342 4172 66.

179 4205 208 4246 a.
230 4190 313 4258 15173
333 4189 368 4244 cf.
387 4207 413 4258 p.
434 4191 480 4259 12)
498 4191 544 4245 161.
564 4191 606 4255 0,.

291 4264 312 4327 8)
333 4261 459 4330 Polemos
480 4262 494 4312 1.
515 4277 536 4315 6.
557 4260 664 4326 616,
