3172 5120
781 348 819 441 ro

215 523 409 601 contemptu.
456 519 682 583 Dissimulandi
713 522 813 582 artem
842 535 965 600 semper
999 536 1146 601 magnam
1169 516 1374 599 praedicabat

217 609 376 687 virtutem,
402 624 438 670 eo
455 606 556 670 minus
579 607 612 670 id
635 607 757 688 publice
773 606 898 687 agebat,
922 612 957 670 ut
980 607 1010 668 in
1035 605 1128 671 rebus
1144 606 1184 670 ad
1208 604 1373 670 ecclesiam

218 696 445 779 pertinentibus
469 693 588 774 aliquid
621 700 802 773 novaretur,
828 695 1011 774 priusquam
1044 695 1194 760 ecclesiae
1217 693 1374 775 guberna·

214 789 304 848 tores
326 782 547 862 assensissent,
577 799 673 862 quum
705 783 734 846 ei
756 799 942 862 persuasum
965 787 1064 859 esset
1035 782 1153 847 thos
1187 787 1258 846 auct
1245 782 1375 845 toritate

215 891 238 936 a
262 871 328 936 Deo
352 871 476 935 institut
462 869 624 935 ravalere
632 871 675 952 ,1)
710 870 912 952 hominesque
947 869 1113 934 obediendi
1136 866 1275 934 officiot
1262 869 1373 933 teneri.

217 959 327 1040 Neque
351 962 448 1040 negat
470 920 672 1023 conciliorum
696 963 752 1038 pot
754 964 807 1022 ent
809 959 887 1035 iam,
916 975 1018 1037 neque
1046 957 1231 1038 aggreditur
1253 957 1374 1022 hierar-

218 1047 330 1130 chiam,
353 1063 469 1127 papam
485 1046 582 1110 habet
598 1045 715 1110 Christi
690 1054 895 1125 vicanum,
903 1046 928 1129 1)
953 1050 1048 1126 caput
1036 1043 1233 1110 tOhristiani
1256 1043 1371 1126 populi,

219 1136 309 1217 cujus
332 1153 409 1199 vera
428 1133 501 1214 jura
525 1138 633 1198 contra
655 1133 912 1198 scholasticorum
943 1133 1202 1214 exaggerationes
1225 1137 1374 1214 praeten-

220 1221 275 1303 dit,
299 1222 353 1303 qui
380 1239 509 1302 „corpus
533 1220 684 1286 ecclesiae
706 1222 739 1285 in
761 1239 857 1286 unum
881 1220 1071 1286 contrahunt
1094 1221 1269 1286 Romanum
1293 1219 1375 1284 Pon-

218 1308 345 1389 tificem,
370 1328 462 1391 quem
484 1314 602 1391 negant
618 1327 725 1373 errare
747 1326 849 1390 posse,
874 1314 949 1390 quot
950 1309 994 1374 ies
1018 1308 1057 1373 de
1081 1310 1219 1374 moribus
1244 1313 1298 1372 aut
1285 1305 1375 1371 tfide

219 1399 409 1479 pronunciat
413 1401 476 1478 ,11)
514 1397 650 1478 ItaqueJ
645 1397 758 1462 udicat
774 1395 943 1463 Erasmus:
984 1396 1073 1474 Quae
1096 1396 1136 1461 ab
1159 1397 1207 1462 his
1223 1395 1376 1461 ecciesiae

220 1485 494 1637 principibussta
475 1491 565 1549 atuta
595 1486 685 1550 nobis
713 1485 851 1563 tradita,
884 1503 967 1550 nunc
992 1485 1107 1566 ubique
1136 1490 1266 1567 recepta
1289 1489 1374 1560 sunt,

221 1575 322 1639 abiis
353 1578 483 1638 netum
515 1573 640 1654 quidem
671 1572 832 1638 discedere
855 1573 945 1652 licet,
979 1579 1135 1654 quumt
1105 1575 1234 1638 statutis
1264 1590 1375 1637 sacrae

116 1735 120 1743 ,
220 1663 396 1744 scripturae
430 1659 671 1727 fundamentum
705 1661 813 1726 deesse
850 1660 1014 1742 videtunt)
1060 1660 1141 1725 Nam
1173 1659 1259 1724 nullo
1283 1658 1375 1723 modo

220 1751 373 1817 ecciesiae
396 1751 511 1815 unitati
533 1749 707 1830 periculum
723 1747 841 1813 adferri
865 1749 968 1813 debet.
1007 1747 1182 1830 Praecipua
1205 1748 1297 1827 enim,
1321 1749 1375 1822 ait,

118 1861 120 1864 ·
220 1837 374 1903 ecclesiae
395 1839 504 1916 virtus,
528 1838 652 1918 qualem
669 1836 813 1902 Christus
837 1837 986 1917 condidit,
1011 1841 1060 1900 est
1086 1836 1291 1915 unanimitas,
1315 1854 1377 1916 pax

221 1925 416 2007 singularum
440 1891 589 1990 ecclesiae
612 1944 670 2008 par
671 1926 781 2006 tiurn5)
807 1925 895 2004 adeo,
919 1928 955 1988 ut
971 1943 1033 2005 pax
1056 1923 1138 1988 idern
1163 1943 1200 1989 ιο
1223 1921 1377 1988 Οιιιιιιιι·

220 2014 252 2078 ni
254 2018 304 2078 tas
254 2010 492 2096 tsignificet.
469 2011 529 2096 11)
574 2013 710 2112 Inpace
732 2011 839 2077 Christ
827 2017 876 2077 tus
900 2012 1053 2077 ecclesiae
1077 2030 1153 2076 suae
1176 2012 1280 2112 posuit
1267 2009 1378 2075 t-fun

222 2097 416 2178 dementum
451 2118 526 2164 nam
558 2100 726 2180 imaginem
754 2099 854 2165 voluit
840 2107 953 2165 tesse
984 2099 1111 2166 ιοιιιιι
1088 2107 1128 2164 ιιι
1158 2100 1253 2164 civia
1255 2100 1312 2178 tis,
1344 2099 1377 2162 in

219 2208 283 2291 qua
305 2207 427 2254 summa
450 2194 498 2253 est
485 2189 697 2254 tconcordia
705 2193 733 2271 1)
779 2187 939 2253 Ecclesiae
955 2188 1042 2253 dedit
1028 2189 1204 2269 tcorporis
1221 2193 1276 2251 nat
1278 2205 1377 2265 ur,am

218 2279 313 2360 cujus
343 2281 438 2358 caput
468 2277 536 2357 ipsc
559 2282 622 2355 est,
655 2281 688 2340 ιι
719 2277 746 2340 ιι
765 2279 833 2358 jam
862 2278 893 2340 in
923 2281 1006 2340 mort
992 2277 1050 2340 tali
1081 2294 1212 2358 corpore
1240 2276 1377 2357 partium

220 2363 363 2446 perlecta
393 2364 560 2430 concordia
584 2370 648 2443 est,
670 2381 781 2428 manns
805 2371 836 2428 et
867 2364 975 2428 oculus
1006 2365 1121 2445 optime
1149 2365 1378 2442 consociantur,

223 2457 340 2532 quanto
364 2451 528 2532 perfectior
552 2452 719 2517 concordia
743 2451 837 2515 debet
860 2469 946 2531 esse,
970 2470 1049 2533 quae
1074 2451 1217 2516 coelestis
1241 2451 1377 2531 corporis

223 2545 329 2620 partes
352 2541 435 2603 inter
458 2559 491 2603 se
515 2541 694 2620 conjungit:
727 2559 786 2618 ,an
807 2539 877 2620 plus
900 2545 1006 2621 potest
1029 2540 1061 2603 in
1085 2544 1224 2621 perituro
1249 2557 1378 2619 corpore

224 2633 359 2692 naturae
383 2645 555 2706 connexus,
570 2645 674 2708 quam
697 2627 730 2690 in
752 2627 882 2708 mystico
906 2632 938 2691 et
960 2627 1202 2709 immortali?«⁸i
1246 2626 1283 2691 In
1307 2625 1379 2690 tali·

222 2716 281 2779 bus
315 2715 450 2779 libenter
485 2721 698 2779 commoratur
732 2714 1011 2796 explicationibus,
1047 2734 1126 2797 qnae
1160 2714 1245 2778 haud
1276 2715 1380 2779 minus‘

223 2809 312 2869 ortae
339 2808 415 2867 sunt
438 2821 455 2866 ι
479 2802 585 2869 studio
617 2803 846 2868 restaurandae
873 2803 1054 2884 primaevae
1083 2801 1254 2882 ecclesiae,
1285 2820 1380 2884 quarn

332 2997 350 3060 1)
369 2994 416 3047 Er.
436 3010 497 3062 epp.
516 3011 542 3062 p.
565 2997 632 3048 1180
649 3011 673 3050 a.
696 2993 763 3050 1529
782 2994 849 3049 dicit
866 3009 965 3062 papam
984 2994 1182 3062 episcoposque
1208 2995 1277 3049 alios
1297 2994 1380 3048 intel-

223 3066 328 3134 ligens:
366 3079 520 3133 „nunquam
548 3066 613 3118 mihi
639 3066 714 3119 venit
742 3067 770 3118 in
797 3074 928 3132 mentem,
957 3080 1117 3132 quemquam
1150 3064 1182 3119 do
1217 3080 1267 3119 suo
1294 3063 1381 3132 gradu

222 3136 270 3190 det
273 3134 423 3189 urbandum
449 3135 528 3188 esse“
547 3143 598 3189 ete
618 3134 733 3190 ibides
756 3134 790 3232 ιιι
810 3151 906 3190 causa:
934 3135 1052 3203 ,nullum
1071 3135 1201 3188 ecclesiae
1224 3149 1380 3189 sacramen-

224 3215 283 3259 tum
307 3221 360 3258 non
386 3221 496 3273 semper
521 3212 667 3260 veneratus
687 3206 772 3260 ιιιιιι.11
809 3207 842 3258 In
861 3207 938 3273 ,,ιΜι
934 3175 1020 3259 hodo‘
1055 3205 1147 3260 docet:
1186 3205 1270 3272 „quid
1288 3203 1382 3271 refert,

223 3284 333 3400 {trum
343 3275 471 3400 (ghristus
506 3275 676 3344 instituerit,
703 3292 739 3330 an
767 3277 881 3330 ecclesia
909 3275 1012 3330 Ohristi
1041 3275 1139 3343 spiritu
1110 3245 1290 3332 tai'flata“
1327 3273 1380 3344 (ed

248 3362 279 3401 as
370 3351 387 3400 0

307 3363 352 3485 91)
372 3347 488 3483 ignorata
505 3417 581 3483 pacis
599 3415 641 3470 ed.
654 3415 782 3470 coioniae
803 3418 870 3470 1543
889 3415 934 3469 foi.
950 3415 1000 3480 D,
1038 3415 1152 3484 „Leo..
1167 3430 1257 3472 .vere
1271 3415 1376 3470 Christi

225 3487 357 3541 vicarium
374 3486 486 3554 agensf‘

333 3557 354 3623 1)
372 3557 452 3610 Ratio
472 3571 520 3610 seu
539 3556 597 3610 Met
599 3555 687 3611 hodus
694 3555 758 3638 (ed.
778 3555 898 3625 Basp.)
918 3557 961 3610 51

332 3629 353 3694 4)
373 3627 437 3680 ibid
455 3643 482 3694 p.
500 3627 549 3678 50:
586 3627 655 3695 „Vir
672 3626 735 3694 pius
747 3572 929 3681 admissorum
942 3625 1140 3680 confessionem
1152 3632 1187 3681 nt
1202 3624 1398 3692 amajoribus

227 3714 258 3752 or
261 3704 316 3751 tam
335 3705 363 3750 et
382 3697 520 3764 paullatim
538 3695 574 3750 ad
592 3697 662 3750 hanc
679 3697 796 3751 formam
815 3697 954 3752 redactam
973 3696 1102 3751 observat
1091 3703 1249 3751 ttreveren
1252 3712 1291 3762 er,
1307 3693 1380 3762 Judi·

224 3783 304 3836 cans,
332 3783 386 3821 non
404 3782 465 3823 esse
484 3765 706 3826 dissentiendum
721 3769 829 3835 privata
853 3783 902 3820 auc
904 3767 1017 3822 toritate
1035 3767 1069 3821 ab
1089 3782 1138 3835 eo,
1167 3765 1240 3834 quod
1258 3711 1382 3834 publicus

223 3838 438 3892 christianornm
465 3845 578 3892 ususet
596 3853 740 3904 procerum
763 3838 911 3892 auctoritas
938 3837 1149 3920 comprobavit.
1188 3837 1273 3891 Putat
1262 3841 1382 3890 tantem

225 3916 401 3977 peccatorum
419 3907 619 3962 confessionem
639 3925 694 3962 non
713 3922 773 3962 esse
793 3907 933 3962 aOhristo
951 3908 1115 3961 institutam
1153 3907 1210 3976 (Er.
1224 3905 1294 4003 Opp.
1307 3905 1383 3960 Τιιιιι.

228 3979 266 4034 Vl
285 3987 378 4034 annot
396 3977 431 4033 ad
449 3993 509 4034 nov.
529 3979 646 4033 Testem.
664 3995 691 4046 p.
711 3977 842 4045 507-8..)

332 4048 354 4118 1)
371 4049 488 4116 Querela
506 4049 620 4116 pacisl.
640 4065 662 4103 c.
682 4049 727 4103 fol
747 4049 797 4112 B4:
824 4062 935 4116 „omnes
956 4047 1178 4101 Christianorum
1196 4047 1291 4114 literae
1310 4045 1378 4098 nihii

220 4119 299 4174 aliud
319 4135 399 4187 quam
418 4135 512 4187 pacem
531 4126 559 4174 et
577 4120 787 4174 unanimitatem
807 4125 929 4186 crepant
932 4117 948 4144 “

334 4192 358 4258 1)
376 4189 440 4243 ibid.
454 4189 498 4243 foi.
511 4189 562 4252 B,:
582 4189 675 4272 „quod
686 4190 815 4257 populum
827 4188 1010 4243 Christianum
1024 4189 1164 4242 ecclesiam
1174 4203 1265 4241 vocam
1258 4186 1385 4256 placurt

222 4259 292 4328 qnid
311 4260 385 4314 aliud
403 4276 483 4326 quam
502 4261 654 4314 unanimita
656 4261 692 4314 tis
656 4258 881 4314 t“admonet?
908 4259 1036 4313 similiter
1061 4259 1180 4326 loquitur
1206 4257 1251 4312 iol.
1270 4257 1300 4313 B.
1320 4255 1385 4310 ibid.

334 4333 353 4394 1)
372 4331 535 4384 Ροιιιιιιιιι.
555 4345 577 4383 c.
596 4329 642 4383 fol
662 4329 691 4383 (1.

333 4401 354 4468 1)
375 4401 500 4456 Polemos
521 4400 536 4453 l.
557 4416 580 4453 c.
600 4399 646 4454 fol.
666 4399 694 4453 (1.
