3172 5120
191 495 271 558 quae
296 477 336 543 ab
360 479 551 560 imperatore
574 483 668 558 atque
692 477 871 544 Gattinario
895 480 1107 558 quaesiverat,
1138 497 1199 545 iion
1223 499 1353 564 respon·

195 583 265 630 sum
282 566 305 648 1)
330 584 432 646 ireque
466 567 637 647 quidquam
670 570 850 648 optatorum
877 565 1071 631 Wormatiae
1102 568 1260 649 expletum
1294 573 1354 634 est.

194 654 311 719 Vetera
330 654 578 734 vituperantibus
600 652 678 717 nihil
695 672 876 720 concessum
898 659 956 731 est,
980 660 1178 734 praesentem
1201 656 1353 722 ecelesiae

194 742 456 823 depravationem
480 743 629 820 minuere,
652 741 695 820 id,
721 741 804 822 quod
826 740 979 806 Erasmus
996 742 1131 823 volebat,
1155 743 1352 810 nullomodo

190 831 387 911 inceperunt.
436 829 557 894 Prodiit
581 847 598 893 6
621 830 779 894 contrario
802 830 1009 912 ‚imperatoris
1040 831 1193 912 edictum,
1226 833 1259 896 iii
1290 849 1352 912 quo

191 916 424 984 reformationis
448 915 659 1000 perficiendae
676 917 763 981 nulla
778 918 895 982 mentio
911 916 995 982 lacta
1010 924 1067 998 est,
1091 919 1234 1000 quodque
1252 919 1352 983 solum

191 1006 392 1085 gravissimas
414 1006 539 1086 imperii
560 1021 678 1086 poenas
702 1005 735 1068 iii
757 1004 890 1070 Lutheri
919 1011 1015 1086 caput
1042 1008 1178 1073 immisit.
1224 1005 1352 1071 Erasini

190 1094 291 1174 ipsius
321 1093 485 1159 securitati
516 1092 566 1158 hic
598 1110 705 1157 rerum
735 1098 867 1166 eventus
898 1112 994 1173 grave
1026 1094 1133 1158 attulit
1161 1093 1350 1176 periculum:

193 1181 392 1261 imperatoris
423 1181 543 1264 gratia,
579 1179 683 1244 adhuc
717 1181 785 1262 ejus
819 1199 946 1262 praeses
980 1182 1131 1246 adversus
1154 1183 1352 1248 inimicorum

188 1268 302 1350 jurgia,
327 1271 470 1350 quamvis
499 1268 678 1334 cautissime
709 1285 776 1332 rem
800 1270 933 1348 egisset,
958 1270 1038 1334 adeo
1062 1269 1210 1350 prolapsa
1233 1276 1291 1349 est,
1315 1276 1352 1334 ut

190 1357 308 1422 amicus
333 1358 460 1438 quidam
493 1358 525 1420 in
555 1356 628 1421 aula
660 1374 858 1422 commorans
889 1356 1074 1422 admoneret
1096 1357 1278 1436 Erasmum,
1316 1363 1352 1422 ut

190 1445 312 1526 ipsein
336 1445 441 1510 aulam
475 1446 603 1510 veniens
638 1463 769 1510 sarisam
802 1463 891 1508 suam
915 1449 1069 1510 tueretur.
1083 1445 1108 1524 2)
1154 1444 1352 1526 Quamquam

191 1531 344 1598 Erasinus
361 1551 491 1616 operam
508 1532 604 1610 dedit,
629 1538 664 1597 ut
684 1531 744 1599 hoc
760 1530 907 1612 efficeret,
922 1533 947 1614 3)
971 1549 1022 1598 res
1038 1538 1144 1596 tamaii
1156 1531 1351 1597 Wormatiae

193 1625 341 1702 peractas
376 1623 524 1686 continuo
558 1620 759 1700 improbabat
799 1627 892 1700 atque
926 1620 996 1700 paci
1031 1619 1158 1684 studere
1189 1621 1351 1702 pergebat.

191 1706 271 1771 Nam
305 1714 339 1773 ut
371 1711 409 1773 de
442 1708 545 1774 edicto
569 1707 792 1773 Wormatiensi
826 1709 1008 1788 vituperans
1036 1707 1188 1787 judicium
1218 1709 1351 1790 principi

191 1800 257 1860 tam
280 1796 375 1876 plane
392 1796 556 1875 catholico,
580 1795 680 1876 qualis
697 1802 767 1862 erat
783 1795 947 1876 Georgius,
972 1793 1127 1860 Saxoniae
1142 1796 1213 1873 dux,
1238 1802 1349 1879 aperte

191 1884 380 1963 enunciavit,
394 1885 421 1968 4)
443 1885 490 1948 ita
513 1881 642 1965 pacifica
664 1885 771 1949 studia
793 1884 908 1947 iterum
931 1883 1049 1948 Romae
1071 1882 1214 1963 protulit.

280 1970 382 2048 Quum
410 1972 574 2048 Adrianus,
598 1990 692 2052 quem
714 1973 866 2036 Erasinus
886 1972 954 2053 jam
978 1971 1031 2035 diu
1047 1971 1147 2034 virum
1164 1970 1349 2036 elementem

191 2076 228 2122 ac
243 2059 432 2142 prudentem
445 2061 471 2137 5)
495 2067 635 2139 noverat,
658 2059 698 2124 ad
713 2059 860 2140 papalem
876 2065 1039 2139 promotus
1057 2064 1140 2124 esset
1155 2059 1351 2140 dignitatem,

191 2147 343 2211 Erasmus
367 2148 395 2211 ei
417 2148 515 2226 idem,
551 2147 634 2227 quod
667 2148 850 2228 imperatori
872 2147 1052 2228 proposuit,
1090 2165 1124 2210 se
1155 2147 1213 2210 sub
1247 2145 1351 2227 sigillo

191 2233 308 2298 silentii
330 2235 470 2300 remedia
492 2236 727 2300 noiniuaturum
751 2253 830 2313 esso,
854 2253 934 2314 quae
956 2236 1027 2314 paci
1050 2233 1246 2316 reparandae
1262 2233 1353 2298 utilia

192 2321 375 2405 haberettl
433 2323 479 2387 Ac
513 2327 682 2404 postquam
717 2322 873 2387 Adrianus
907 2322 1124 2387 lubentissime
1157 2323 1353 2404 propositum

191 2411 386 2491 approbavit,
405 2411 431 2494 l)
466 2411 616 2475 Erasmus
644 2410 797 2491 promisso
831 2408 983 2475 satisfecit
1017 2409 1152 2491 epistola
1175 2416 1216 2491 (a.
1243 2414 1351 2489 1523),

192 2499 282 2579 cujus
306 2497 405 2563 solum
438 2496 650 2579 fragmentum
683 2502 794 2562 exstat.
809 2499 835 2580 8)
881 2496 917 2561 Iii
947 2498 1008 2563 hac
1038 2498 1172 2580 epistola
1205 2497 1352 2579 explicat,

192 2603 286 2665 quam
310 2585 391 2649 male
415 2603 489 2650 suae
515 2585 669 2667 dignitati.
683 2591 777 2668 atque
800 2585 951 2650 ecelesiae
974 2585 1104 2651 utilitati
1127 2585 1353 2666 prospieientes
1450 2594 1452 2600 ’

191 2672 330 2753 theologi
345 2673 477 2738 liutheri
494 2691 622 2738 causam
639 2674 741 2739 adhuc
756 2675 973 2753 tractaverint,
998 2692 1092 2754 quam
1108 2673 1256 2737 ardenter
1271 2672 1355 2738 hunc

189 2760 291 2825 solum
307 2761 468 2842 prosecuti
484 2762 547 2826 sint
562 2760 665 2841 finem,
690 2767 726 2826 ut
742 2780 781 2826 ex
797 2760 977 2827 orthodoxis
994 2760 1110 2825 iaciant
1126 2761 1311 2826 haereticos.
1324 2761 1352 2844 9)

193 2847 342 2913 Graviter
358 2867 412 2914 eos
428 2855 569 2929 accusat,
586 2850 670 2930 quod
685 2855 810 2915 tantuin
827 2848 972 2927 abluerit,
991 2854 1026 2913 ut
1041 2848 1241 2912 laudaverint
1255 2848 1353 2928 ipsius

192 2936 297 3000 studia
320 2937 470 3001 ecclesiae
493 2935 625 3002 utilitati
647 2937 760 3011 dicata,
785 2936 985 3000 laudaverint
1008 2938 1118 3018 ipsum,
1143 2954 1239 3016 quum
1263 2934 1353 2999 fami·

192 3024 376 3089 liarissimos
400 3025 517 3089 amicos
540 3025 677 3101 Luthero
702 3025 844 3090 addictos
868 3032 1077 3088 monsacutus
1105 3024 1159 3103 sit,
1193 3032 1228 3087 ut
1251 3024 1351 3102 minis,

194 3111 364 3190 calumniis,
389 3113 642 3177 (lapidationibus
666 3131 700 3178 se
723 3112 880 3200 persecuti
904 3112 968 3176 siut
989 3117 1085 3194 atque
1101 3129 1194 3193 quain
1218 3111 1353 3176 maxime

192 3200 390 3278 studuerint,
425 3218 459 3264 se
495 3201 537 3264 ad
559 3199 690 3265 Lutheri
722 3206 831 3282 partes
859 3199 1043 3280 propellere.
1097 3201 1175 3264 Tum
1199 3206 1236 3264 ut
1257 3205 1354 3264 autea

194 3289 349 3366 enunciat,
373 3305 503 3352 necesse
528 3304 606 3369 esse,
630 3307 691 3354 uon
714 3288 817 3354 inutili
840 3289 1010 3353 severitate
1033 3306 1099 3352 rein
1121 3287 1271 3367 tractari,
1296 3287 1354 3351 sed

194 3393 264 3440 cuin
289 3375 457 3440 clementia
486 3377 622 3455 ,mederi
647 3378 746 3458 magis
770 3395 863 3456 quam
896 3376 1045 3457 punii·e“,
1081 3375 1282 3452 adhortatur,
1318 3379 1355 3438 ut

194 3480 301 3528 omnes
325 3481 362 3527 eo
385 3470 647 3544 permoveantur,
682 3483 721 3530 ne
744 3463 875 3546 privatis
907 3461 1087 3540 affectibus,
1124 3463 1181 3527 sed
1208 3461 1354 3542 publicae

193 3550 324 3618 utilitati
347 3550 528 3630 consulerit,
553 3557 589 3615 ut
612 3551 651 3617 de
674 3570 731 3617 suo
750 3553 822 3634 jure
847 3551 959 3616 cedere
983 3550 1172 3632 distarem)
1212 3549 1354 3631 Denique

303 3727 324 3829 l
491 3727 662 3849 riam

305 3796 327 3933 8))
346 3811 407 3918 Elim
409 3810 489 3934 iezrgu
491 3811 522 3932 13.
542 3813 670 3933 63bpiep:
689 3863 835 3918 Gottinarii
854 3879 877 3918 a.
898 3864 985 3930 1621).

303 3936 325 3998 4)
341 3935 407 3988 ibid.
426 3951 451 4003 p.
472 3937 523 3989 732
543 3935 578 4002 (a.
599 3937 687 4003 1522.)
784 3997 794 4010 οἳ
859 3996 860 4000 η

303 4008 324 4066 ⁶)
343 4005 391 4058 Er.
411 4021 472 4073 epp.
491 4020 517 4074 p.
538 4009 684 4059 1411—12.

301 4074 323 4143 6)
341 4075 405 4128 ibid
424 4092 451 4143 p.
471 4078 592 4130 737-38
611 4078 658 4143 (22
677 4074 741 4128 Dec.
762 4073 850 4143 1522).

303 4147 311 4180 ²
345 4144 410 4198 ibid.
430 4161 455 4212 p.
475 4148 596 4200 vot-lo
614 4146 660 4214 (23
675 4145 740 4210 dan
761 4145 849 4214 1523).

303 4218 323 4352 ἰ)
342 4215 398 4338 1136
410 4230 523 4340 (ἐρικφιὲᾇ
539 4217 668 4270 roo—ts.

292 4356 324 4423 ιο)
343 4302 472 4424 ursega
491 4325 596 4424 pss'voe.
