<?xml version="1.0" encoding="UTF-8"?>
<!DOCTYPE html PUBLIC "-//W3C//DTD XHTML 1.0 Transitional//EN"
    "http://www.w3.org/TR/xhtml1/DTD/xhtml1-transitional.dtd">
<html xmlns="http://www.w3.org/1999/xhtml" xml:lang="en" lang="en">
 <head>
  <title>
</title>
<meta http-equiv="Content-Type" content="text/html;charset=utf-8" />
  <meta name='ocr-system' content='tesseract 3.04.00' />
  <meta name='ocr-capabilities' content='ocr_page ocr_carea ocr_par ocr_line ocrx_word'/>
</head>
<body>
  <div class='ocr_page' id='page_1' title='image "./deerasmirotterd00wokegoog_0040.png"; bbox 0 0 3172 5120; ppageno 0'>
   <div class='ocr_carea' id='block_1_1' title="bbox 792 219 833 278">
    <p class='ocr_par' dir='ltr' id='par_1_1' title="bbox 792 219 833 278">
     <span class='ocr_line' id='line_1_1' title="bbox 792 219 833 278; baseline 0.024 -1"><span class='ocrx_word' id='word_1_1' title='bbox 792 219 833 278; x_wconf 82' lang='lat'>30</span> 
     </span>
    </p>
   </div>
   <div class='ocr_carea' id='block_1_2' title="bbox 229 387 1429 2314">
    <p class='ocr_par' dir='ltr' id='par_1_2' title="bbox 229 387 1429 2138">
     <span class='ocr_line' id='line_1_2' title="bbox 230 387 1392 472; baseline 0.002 -20"><span class='ocrx_word' id='word_1_2' title='bbox 230 387 323 454; x_wconf 89' lang='lat' dir='ltr'>finem</span> <span class='ocrx_word' id='word_1_3' title='bbox 356 395 523 454; x_wconf 81' lang='lat' dir='ltr'>statuerat.</span> <span class='ocrx_word' id='word_1_4' title='bbox 579 389 683 472; x_wconf 88' lang='lat' dir='ltr'>Hujus</span> <span class='ocrx_word' id='word_1_5' title='bbox 714 389 950 470; x_wconf 81' lang='lat' dir='ltr'>depravationis</span> <span class='ocrx_word' id='word_1_6' title='bbox 983 407 1108 455; x_wconf 91' lang='lat' dir='ltr'>oausam</span> <span class='ocrx_word' id='word_1_7' title='bbox 1138 408 1202 455; x_wconf 89' lang='lat' dir='ltr'>non</span> <span class='ocrx_word' id='word_1_8' title='bbox 1232 389 1392 454; x_wconf 84' lang='lat' dir='ltr'>minimam</span> 
     </span>
     <span class='ocr_line' id='line_1_3' title="bbox 229 476 1392 558; baseline 0.001 -18"><span class='ocrx_word' id='word_1_9' title='bbox 229 476 340 542; x_wconf 87' lang='lat' dir='ltr'>habuit</span> <span class='ocrx_word' id='word_1_10' title='bbox 371 477 537 543; x_wconf 89' lang='lat' dir='ltr'>nonnullas</span> <span class='ocrx_word' id='word_1_11' title='bbox 560 476 691 542; x_wconf 90' lang='lat' dir='ltr'>Lutheri</span> <span class='ocrx_word' id='word_1_12' title='bbox 729 477 901 556; x_wconf 79' lang='lat' dir='ltr'>doctrinas,</span> <span class='ocrx_word' id='word_1_13' title='bbox 937 478 1049 558; x_wconf 89' lang='lat' dir='ltr'>quibus</span> <span class='ocrx_word' id='word_1_14' title='bbox 1084 479 1262 558; x_wconf 87' lang='lat' dir='ltr'>aperiretur</span> <span class='ocrx_word' id='word_1_15' title='bbox 1298 477 1392 542; x_wconf 89' lang='lat' dir='ltr'>malis</span> 
     </span>
     <span class='ocr_line' id='line_1_4' title="bbox 235 564 1395 646; baseline 0 -18"><span class='ocrx_word' id='word_1_16' title='bbox 235 565 411 644; x_wconf 81' lang='lat' dir='ltr'>„fenestra“</span> <span class='ocrx_word' id='word_1_17' title='bbox 440 566 480 630; x_wconf 91' lang='lat' dir='ltr'>ad</span> <span class='ocrx_word' id='word_1_18' title='bbox 503 565 671 631; x_wconf 82' lang='lat' dir='ltr'>licentiam.</span> <span class='ocrx_word' id='word_1_19' title='bbox 710 565 747 629; x_wconf 94' lang='lat' dir='ltr'>In</span> <span class='ocrx_word' id='word_1_20' title='bbox 769 564 879 628; x_wconf 90' lang='lat' dir='ltr'>talium</span> <span class='ocrx_word' id='word_1_21' title='bbox 896 565 1108 630; x_wconf 86' lang='lat' dir='ltr'>doctrinarum</span> <span class='ocrx_word' id='word_1_22' title='bbox 1131 583 1263 630; x_wconf 89' lang='lat' dir='ltr'>numero</span> <span class='ocrx_word' id='word_1_23' title='bbox 1286 566 1395 646; x_wconf 86' lang='lat' dir='ltr'>posuit</span> 
     </span>
     <span class='ocr_line' id='line_1_5' title="bbox 230 651 1391 732; baseline -0.003 -15"><span class='ocrx_word' id='word_1_24' title='bbox 230 653 362 718; x_wconf 87' lang='lat' dir='ltr'>Lutheri</span> <span class='ocrx_word' id='word_1_25' title='bbox 388 652 484 718; x_wconf 92' lang='lat' dir='ltr'>illud:</span> <span class='ocrx_word' id='word_1_26' title='bbox 517 653 655 732; x_wconf 92' lang='lat' dir='ltr'>,nullum</span> <span class='ocrx_word' id='word_1_27' title='bbox 679 669 748 716; x_wconf 91' lang='lat' dir='ltr'>esse</span> <span class='ocrx_word' id='word_1_28' title='bbox 770 651 905 716; x_wconf 90' lang='lat' dir='ltr'>liberum</span> <span class='ocrx_word' id='word_1_29' title='bbox 928 653 1156 729; x_wconf 80' lang='lat' dir='ltr'>arbitrium.“1)</span> <span class='ocrx_word' id='word_1_30' title='bbox 1208 653 1318 732; x_wconf 90' lang='lat' dir='ltr'>Itaque</span> <span class='ocrx_word' id='word_1_31' title='bbox 1352 671 1391 716; x_wconf 92' lang='lat' dir='ltr'>ne</span> 
     </span>
     <span class='ocr_line' id='line_1_6' title="bbox 232 740 1393 822; baseline 0.001 -19"><span class='ocrx_word' id='word_1_32' title='bbox 232 741 365 820; x_wconf 90' lang='lat' dir='ltr'>gradum</span> <span class='ocrx_word' id='word_1_33' title='bbox 395 741 520 822; x_wconf 91' lang='lat' dir='ltr'>quidem</span> <span class='ocrx_word' id='word_1_34' title='bbox 550 740 724 805; x_wconf 91' lang='lat' dir='ltr'>Lutherum</span> <span class='ocrx_word' id='word_1_35' title='bbox 754 740 942 822; x_wconf 90' lang='lat' dir='ltr'>aggrediens</span> <span class='ocrx_word' id='word_1_36' title='bbox 976 741 1015 806; x_wconf 91' lang='lat' dir='ltr'>ob</span> <span class='ocrx_word' id='word_1_37' title='bbox 1043 741 1110 822; x_wconf 85' lang='lat' dir='ltr'>ejus</span> <span class='ocrx_word' id='word_1_38' title='bbox 1142 741 1317 806; x_wconf 86' lang='lat' dir='ltr'>doctrinam</span> <span class='ocrx_word' id='word_1_39' title='bbox 1353 741 1393 804; x_wconf 91' lang='lat' dir='ltr'>de</span> 
     </span>
     <span class='ocr_line' id='line_1_7' title="bbox 230 827 1393 910; baseline 0.002 -18"><span class='ocrx_word' id='word_1_40' title='bbox 230 828 331 893; x_wconf 93' lang='lat' dir='ltr'>libero</span> <span class='ocrx_word' id='word_1_41' title='bbox 365 828 500 893; x_wconf 92' lang='lat' dir='ltr'>hominis</span> <span class='ocrx_word' id='word_1_42' title='bbox 532 829 663 893; x_wconf 92' lang='lat' dir='ltr'>arbitrio</span> <span class='ocrx_word' id='word_1_43' title='bbox 697 828 854 910; x_wconf 90' lang='lat' dir='ltr'>prolatam</span> <span class='ocrx_word' id='word_1_44' title='bbox 882 827 1027 892; x_wconf 83' lang='lat' dir='ltr'>discessit</span> <span class='ocrx_word' id='word_1_45' title='bbox 1061 846 1079 890; x_wconf 89' lang='lat' dir='ltr'>a</span> <span class='ocrx_word' id='word_1_46' title='bbox 1114 829 1178 892; x_wconf 91' lang='lat' dir='ltr'>suis</span> <span class='ocrx_word' id='word_1_47' title='bbox 1211 828 1393 910; x_wconf 89' lang='lat' dir='ltr'>principiis:</span> 
     </span>
     <span class='ocr_line' id='line_1_8' title="bbox 231 915 1388 998; baseline 0.001 -20"><span class='ocrx_word' id='word_1_48' title='bbox 231 915 334 980; x_wconf 90' lang='lat' dir='ltr'>minus</span> <span class='ocrx_word' id='word_1_49' title='bbox 359 921 394 980; x_wconf 89' lang='lat' dir='ltr'>ut</span> <span class='ocrx_word' id='word_1_50' title='bbox 426 916 577 982; x_wconf 89' lang='lat' dir='ltr'>ecclesiae</span> <span class='ocrx_word' id='word_1_51' title='bbox 602 917 761 998; x_wconf 87' lang='lat' dir='ltr'>dogmata,</span> <span class='ocrx_word' id='word_1_52' title='bbox 792 933 886 996; x_wconf 88' lang='lat' dir='ltr'>quam</span> <span class='ocrx_word' id='word_1_53' title='bbox 909 919 945 980; x_wconf 93' lang='lat' dir='ltr'>ut</span> <span class='ocrx_word' id='word_1_54' title='bbox 972 915 1195 994; x_wconf 85' lang='lat' dir='ltr'>,christianam</span> <span class='ocrx_word' id='word_1_55' title='bbox 1218 917 1388 997; x_wconf 86' lang='lat' dir='ltr'>pietatem“</span> 
     </span>
     <span class='ocr_line' id='line_1_9' title="bbox 231 1002 1394 1084; baseline 0 -17"><span class='ocrx_word' id='word_1_56' title='bbox 231 1009 385 1084; x_wconf 89' lang='lat' dir='ltr'>tueretur,</span> <span class='ocrx_word' id='word_1_57' title='bbox 417 1023 526 1070; x_wconf 87' lang='lat' dir='ltr'>vocem</span> <span class='ocrx_word' id='word_1_58' title='bbox 549 1005 663 1070; x_wconf 88' lang='lat' dir='ltr'>emisit.</span> <span class='ocrx_word' id='word_1_59' title='bbox 710 1003 908 1084; x_wconf 86' lang='lat' dir='ltr'>Quamquam</span> <span class='ocrx_word' id='word_1_60' title='bbox 939 1004 1078 1084; x_wconf 91' lang='lat' dir='ltr'>opinioni</span> <span class='ocrx_word' id='word_1_61' title='bbox 1100 1002 1277 1084; x_wconf 87' lang='lat' dir='ltr'>obsequens</span> <span class='ocrx_word' id='word_1_62' title='bbox 1299 1004 1394 1068; x_wconf 84' lang='lat' dir='ltr'>licere</span> 
     </span>
     <span class='ocr_line' id='line_1_10' title="bbox 230 1089 1394 1174; baseline 0.003 -21"><span class='ocrx_word' id='word_1_63' title='bbox 230 1094 459 1170; x_wconf 85' lang='lat' dir='ltr'>persuasiones</span> <span class='ocrx_word' id='word_1_64' title='bbox 475 1091 586 1170; x_wconf 87' lang='lat' dir='ltr'>celare,</span> <span class='ocrx_word' id='word_1_65' title='bbox 617 1093 675 1156; x_wconf 92' lang='lat' dir='ltr'>nisi</span> <span class='ocrx_word' id='word_1_66' title='bbox 699 1109 752 1156; x_wconf 87' lang='lat' dir='ltr'>eas</span> <span class='ocrx_word' id='word_1_67' title='bbox 775 1089 918 1174; x_wconf 90' lang='lat' dir='ltr'>profiteri</span> <span class='ocrx_word' id='word_1_68' title='bbox 940 1091 1114 1172; x_wconf 91' lang='lat' dir='ltr'>prodesset,</span> <span class='ocrx_word' id='word_1_69' title='bbox 1125 1091 1150 1172; x_wconf 49' lang='grc' dir='ltr'>ἲ)</span> <span class='ocrx_word' id='word_1_70' title='bbox 1175 1091 1260 1172; x_wconf 92' lang='lat' dir='ltr'>apud</span> <span class='ocrx_word' id='word_1_71' title='bbox 1283 1091 1394 1157; x_wconf 86' lang='lat' dir='ltr'>catho-</span> 
     </span>
     <span class='ocr_line' id='line_1_11' title="bbox 230 1177 1391 1256; baseline 0.001 -14"><span class='ocrx_word' id='word_1_72' title='bbox 230 1177 308 1246; x_wconf 86' lang='lat' dir='ltr'>licos</span> <span class='ocrx_word' id='word_1_73' title='bbox 330 1180 478 1245; x_wconf 88' lang='lat' dir='ltr'>libenter</span> <span class='ocrx_word' id='word_1_74' title='bbox 511 1179 544 1244; x_wconf 91' lang='lat' dir='ltr'>id</span> <span class='ocrx_word' id='word_1_75' title='bbox 578 1179 679 1244; x_wconf 93' lang='lat' dir='ltr'>solum</span> <span class='ocrx_word' id='word_1_76' title='bbox 713 1179 915 1256; x_wconf 88' lang='lat' dir='ltr'>enunciabat,</span> <span class='ocrx_word' id='word_1_77' title='bbox 952 1196 985 1242; x_wconf 92' lang='lat' dir='ltr'>se</span> <span class='ocrx_word' id='word_1_78' title='bbox 1019 1179 1202 1243; x_wconf 89' lang='lat' dir='ltr'>auctoritati</span> <span class='ocrx_word' id='word_1_79' title='bbox 1238 1179 1391 1244; x_wconf 88' lang='lat' dir='ltr'>ecclesiae</span> 
     </span>
     <span class='ocr_line' id='line_1_12' title="bbox 231 1265 1391 1350; baseline -0.002 -18"><span class='ocrx_word' id='word_1_80' title='bbox 231 1269 378 1350; x_wconf 70' lang='lat' dir='ltr'>pacensi)</span> <span class='ocrx_word' id='word_1_81' title='bbox 403 1272 498 1349; x_wconf 89' lang='lat' dir='ltr'>atque</span> <span class='ocrx_word' id='word_1_82' title='bbox 517 1268 609 1344; x_wconf 82' lang='lat' dir='ltr'>alios,</span> <span class='ocrx_word' id='word_1_83' title='bbox 643 1273 678 1330; x_wconf 93' lang='lat' dir='ltr'>ut</span> <span class='ocrx_word' id='word_1_84' title='bbox 700 1267 811 1332; x_wconf 92' lang='lat' dir='ltr'>eodem</span> <span class='ocrx_word' id='word_1_85' title='bbox 833 1267 926 1331; x_wconf 95' lang='lat' dir='ltr'>modo</span> <span class='ocrx_word' id='word_1_86' title='bbox 950 1268 1123 1330; x_wconf 89' lang='lat' dir='ltr'>sententias</span> <span class='ocrx_word' id='word_1_87' title='bbox 1147 1265 1391 1347; x_wconf 86' lang='lat' dir='ltr'>dissimularent,</span> 
     </span>
     <span class='ocr_line' id='line_1_13' title="bbox 233 1353 1429 1438; baseline 0.002 -20"><span class='ocrx_word' id='word_1_88' title='bbox 233 1355 472 1435; x_wconf 90' lang='lat' dir='ltr'>adhortabatur,</span> <span class='ocrx_word' id='word_1_89' title='bbox 481 1356 509 1438; x_wconf 74' lang='lat' dir='ltr'>a)</span> <span class='ocrx_word' id='word_1_90' title='bbox 537 1373 735 1436; x_wconf 90' lang='lat' dir='ltr'>quamquam,</span> <span class='ocrx_word' id='word_1_91' title='bbox 767 1360 803 1417; x_wconf 91' lang='lat' dir='ltr'>ut</span> <span class='ocrx_word' id='word_1_92' title='bbox 834 1355 940 1418; x_wconf 90' lang='lat' dir='ltr'>amicis</span> <span class='ocrx_word' id='word_1_93' title='bbox 964 1353 1097 1418; x_wconf 91' lang='lat' dir='ltr'>Lutheri</span> <span class='ocrx_word' id='word_1_94' title='bbox 1128 1354 1262 1418; x_wconf 89' lang='lat' dir='ltr'>addictis</span> <span class='ocrx_word' id='word_1_95' title='bbox 1285 1354 1394 1435; x_wconf 88' lang='lat' dir='ltr'>placa-</span> <span class='ocrx_word' id='word_1_96' title='bbox 1428 1393 1429 1396; x_wconf 61' lang='lat'><em>=</em></span> 
     </span>
     <span class='ocr_line' id='line_1_14' title="bbox 231 1439 1395 1524; baseline 0.002 -19"><span class='ocrx_word' id='word_1_97' title='bbox 231 1441 326 1507; x_wconf 92' lang='lat' dir='ltr'>bilem</span> <span class='ocrx_word' id='word_1_98' title='bbox 359 1443 516 1508; x_wconf 91' lang='lat' dir='ltr'>imbueret</span> <span class='ocrx_word' id='word_1_99' title='bbox 548 1444 701 1522; x_wconf 89' lang='lat' dir='ltr'>animum,</span> <span class='ocrx_word' id='word_1_100' title='bbox 734 1439 945 1524; x_wconf 89' lang='lat' dir='ltr'>profitebatur</span> <span class='ocrx_word' id='word_1_101' title='bbox 968 1459 1092 1522; x_wconf 87' lang='lat' dir='ltr'>semper</span> <span class='ocrx_word' id='word_1_102' title='bbox 1123 1441 1221 1506; x_wconf 83' lang='lat' dir='ltr'>luisse</span> <span class='ocrx_word' id='word_1_103' title='bbox 1252 1461 1318 1522; x_wconf 91' lang='lat' dir='ltr'>res,</span> <span class='ocrx_word' id='word_1_104' title='bbox 1353 1442 1395 1507; x_wconf 90' lang='lat' dir='ltr'>de</span> 
     </span>
     <span class='ocr_line' id='line_1_15' title="bbox 231 1528 1394 1612; baseline 0 -18"><span class='ocrx_word' id='word_1_105' title='bbox 231 1531 344 1612; x_wconf 90' lang='lat' dir='ltr'>quibus</span> <span class='ocrx_word' id='word_1_106' title='bbox 372 1531 517 1596; x_wconf 88' lang='lat' dir='ltr'>homines</span> <span class='ocrx_word' id='word_1_107' title='bbox 544 1531 633 1612; x_wconf 91' lang='lat' dir='ltr'>queri</span> <span class='ocrx_word' id='word_1_108' title='bbox 655 1536 795 1611; x_wconf 89' lang='lat' dir='ltr'>possent,</span> <span class='ocrx_word' id='word_1_109' title='bbox 807 1531 834 1612; x_wconf 69' lang='grc'>5)</span> <span class='ocrx_word' id='word_1_110' title='bbox 867 1535 1007 1594; x_wconf 88' lang='lat' dir='ltr'>attamen</span> <span class='ocrx_word' id='word_1_111' title='bbox 1039 1528 1229 1595; x_wconf 89' lang='lat' dir='ltr'>reformandi</span> <span class='ocrx_word' id='word_1_112' title='bbox 1252 1531 1394 1595; x_wconf 90' lang='lat' dir='ltr'>studium</span> 
     </span>
     <span class='ocr_line' id='line_1_16' title="bbox 232 1617 1393 1700; baseline 0 -18"><span class='ocrx_word' id='word_1_113' title='bbox 232 1623 327 1698; x_wconf 92' lang='lat' dir='ltr'>atque</span> <span class='ocrx_word' id='word_1_114' title='bbox 357 1619 508 1698; x_wconf 89' lang='lat' dir='ltr'>pristinas</span> <span class='ocrx_word' id='word_1_115' title='bbox 542 1619 762 1700; x_wconf 88' lang='lat' dir='ltr'>persuasiones</span> <span class='ocrx_word' id='word_1_116' title='bbox 792 1617 987 1699; x_wconf 89' lang='lat' dir='ltr'>theologicas</span> <span class='ocrx_word' id='word_1_117' title='bbox 1018 1618 1078 1681; x_wconf 91' lang='lat' dir='ltr'>sibi</span> <span class='ocrx_word' id='word_1_118' title='bbox 1112 1618 1262 1682; x_wconf 88' lang='lat' dir='ltr'>servabat</span> <span class='ocrx_word' id='word_1_119' title='bbox 1296 1624 1393 1698; x_wconf 85' lang='lat' dir='ltr'>atque</span> 
     </span>
     <span class='ocr_line' id='line_1_17' title="bbox 232 1705 1395 1794; baseline 0.001 -25"><span class='ocrx_word' id='word_1_120' title='bbox 232 1706 358 1788; x_wconf 90' lang='lat' dir='ltr'>saepius</span> <span class='ocrx_word' id='word_1_121' title='bbox 374 1707 643 1787; x_wconf 78' lang='lat' dir='ltr'>pronunciabat.⁶)</span> <span class='ocrx_word' id='word_1_122' title='bbox 681 1705 744 1770; x_wconf 82' lang='lat' dir='ltr'>Sed</span> <span class='ocrx_word' id='word_1_123' title='bbox 759 1705 870 1794; x_wconf 87' lang='lat' dir='ltr'>horum</span> <span class='ocrx_word' id='word_1_124' title='bbox 887 1706 1062 1771; x_wconf 91' lang='lat' dir='ltr'>studiorum</span> <span class='ocrx_word' id='word_1_125' title='bbox 1086 1705 1259 1786; x_wconf 91' lang='lat' dir='ltr'>harumque</span> <span class='ocrx_word' id='word_1_126' title='bbox 1276 1706 1395 1770; x_wconf 88' lang='lat' dir='ltr'>doctri-</span> 
     </span>
     <span class='ocr_line' id='line_1_18' title="bbox 231 1792 1394 1874; baseline 0.002 -18"><span class='ocrx_word' id='word_1_127' title='bbox 231 1811 343 1858; x_wconf 91' lang='lat' dir='ltr'>narum</span> <span class='ocrx_word' id='word_1_128' title='bbox 366 1812 428 1858; x_wconf 91' lang='lat' dir='ltr'>non</span> <span class='ocrx_word' id='word_1_129' title='bbox 452 1794 586 1874; x_wconf 92' lang='lat' dir='ltr'>amplius</span> <span class='ocrx_word' id='word_1_130' title='bbox 602 1792 668 1858; x_wconf 91' lang='lat' dir='ltr'>ulla</span> <span class='ocrx_word' id='word_1_131' title='bbox 691 1795 876 1859; x_wconf 87' lang='lat' dir='ltr'>remanebat</span> <span class='ocrx_word' id='word_1_132' title='bbox 898 1795 1081 1870; x_wconf 88' lang='lat' dir='ltr'>auctoritas,</span> <span class='ocrx_word' id='word_1_133' title='bbox 1099 1795 1126 1857; x_wconf 91' lang='lat' dir='ltr'>si</span> <span class='ocrx_word' id='word_1_134' title='bbox 1149 1793 1303 1857; x_wconf 89' lang='lat' dir='ltr'>alterutra</span> <span class='ocrx_word' id='word_1_135' title='bbox 1319 1811 1394 1874; x_wconf 91' lang='lat' dir='ltr'>pars</span> 
     </span>
     <span class='ocr_line' id='line_1_19' title="bbox 232 1879 1394 1962; baseline -0.001 -16"><span class='ocrx_word' id='word_1_136' title='bbox 232 1879 387 1946; x_wconf 88' lang='lat' dir='ltr'>catholiea</span> <span class='ocrx_word' id='word_1_137' title='bbox 410 1887 466 1945; x_wconf 90' lang='lat' dir='ltr'>aut</span> <span class='ocrx_word' id='word_1_138' title='bbox 482 1881 666 1945; x_wconf 89' lang='lat' dir='ltr'>Lutherana</span> <span class='ocrx_word' id='word_1_139' title='bbox 687 1881 906 1945; x_wconf 87' lang='lat' dir='ltr'>adversantem</span> <span class='ocrx_word' id='word_1_140' title='bbox 931 1881 1116 1946; x_wconf 88' lang='lat' dir='ltr'>devincebat</span> <span class='ocrx_word' id='word_1_141' title='bbox 1138 1889 1233 1962; x_wconf 88' lang='lat' dir='ltr'>atque</span> <span class='ocrx_word' id='word_1_142' title='bbox 1254 1888 1394 1962; x_wconf 90' lang='lat' dir='ltr'>proster-</span> 
     </span>
     <span class='ocr_line' id='line_1_20' title="bbox 231 1966 1391 2050; baseline 0 -18"><span class='ocrx_word' id='word_1_143' title='bbox 231 1969 336 2047; x_wconf 87' lang='lat' dir='ltr'>nebat,</span> <span class='ocrx_word' id='word_1_144' title='bbox 369 1987 407 2033; x_wconf 88' lang='lat' dir='ltr'>ea</span> <span class='ocrx_word' id='word_1_145' title='bbox 429 1969 496 2033; x_wconf 92' lang='lat' dir='ltr'>sola</span> <span class='ocrx_word' id='word_1_146' title='bbox 526 1969 706 2034; x_wconf 90' lang='lat' dir='ltr'>conditione</span> <span class='ocrx_word' id='word_1_147' title='bbox 730 1966 860 2034; x_wconf 88' lang='lat' dir='ltr'>effectus</span> <span class='ocrx_word' id='word_1_148' title='bbox 890 1971 928 2032; x_wconf 87' lang='lat' dir='ltr'>iis</span> <span class='ocrx_word' id='word_1_149' title='bbox 952 1986 1019 2032; x_wconf 90' lang='lat' dir='ltr'>esse</span> <span class='ocrx_word' id='word_1_150' title='bbox 1042 1974 1178 2048; x_wconf 88' lang='lat' dir='ltr'>poterat,</span> <span class='ocrx_word' id='word_1_151' title='bbox 1208 1971 1233 2033; x_wconf 93' lang='lat' dir='ltr'>si</span> <span class='ocrx_word' id='word_1_152' title='bbox 1256 1977 1391 2050; x_wconf 88' lang='lat' dir='ltr'>utraque</span> 
     </span>
     <span class='ocr_line' id='line_1_21' title="bbox 231 2057 866 2138; baseline 0 -18"><span class='ocrx_word' id='word_1_153' title='bbox 231 2069 307 2138; x_wconf 86' lang='lat' dir='ltr'>pars</span> <span class='ocrx_word' id='word_1_154' title='bbox 329 2057 479 2138; x_wconf 89' lang='lat' dir='ltr'>placabili</span> <span class='ocrx_word' id='word_1_155' title='bbox 501 2058 604 2124; x_wconf 91' lang='lat' dir='ltr'>animo</span> <span class='ocrx_word' id='word_1_156' title='bbox 626 2057 829 2137; x_wconf 90' lang='lat' dir='ltr'>implebatur.</span> <span class='ocrx_word' id='word_1_157' title='bbox 841 2058 866 2138; x_wconf 56' lang='grc' dir='ltr'>ΙΙ)</span> 
     </span>
    </p>

    <p class='ocr_par' dir='ltr' id='par_1_3' title="bbox 232 2142 1406 2314">
     <span class='ocr_line' id='line_1_22' title="bbox 319 2142 1406 2225; baseline 0 -17"><span class='ocrx_word' id='word_1_158' title='bbox 319 2144 493 2209; x_wconf 88' lang='lat' dir='ltr'>Videbatur</span> <span class='ocrx_word' id='word_1_159' title='bbox 518 2154 625 2209; x_wconf 87' lang='lat' dir='ltr'>autem</span> <span class='ocrx_word' id='word_1_160' title='bbox 648 2145 730 2209; x_wconf 84' lang='lat' dir='ltr'>circa</span> <span class='ocrx_word' id='word_1_161' title='bbox 756 2162 872 2208; x_wconf 90' lang='lat' dir='ltr'>annum</span> <span class='ocrx_word' id='word_1_162' title='bbox 899 2148 979 2208; x_wconf 80' lang='lat'>1527</span> <span class='ocrx_word' id='word_1_163' title='bbox 1004 2142 1163 2208; x_wconf 90' lang='lat' dir='ltr'>Lutherus</span> <span class='ocrx_word' id='word_1_164' title='bbox 1182 2144 1250 2225; x_wconf 90' lang='lat' dir='ltr'>ipse</span> <span class='ocrx_word' id='word_1_165' title='bbox 1272 2143 1311 2208; x_wconf 90' lang='lat' dir='ltr'>de</span> <span class='ocrx_word' id='word_1_166' title='bbox 1334 2162 1406 2208; x_wconf 90' lang='lat' dir='ltr'>sua.</span> 
     </span>
     <span class='ocr_line' id='line_1_23' title="bbox 232 2232 1395 2314; baseline 0 -20"><span class='ocrx_word' id='word_1_167' title='bbox 232 2249 328 2300; x_wconf 90' lang='lat' dir='ltr'>causa</span> <span class='ocrx_word' id='word_1_168' title='bbox 343 2233 522 2314; x_wconf 88' lang='lat' dir='ltr'>desperare.</span> <span class='ocrx_word' id='word_1_169' title='bbox 561 2232 728 2296; x_wconf 90' lang='lat' dir='ltr'>Discordia</span> <span class='ocrx_word' id='word_1_170' title='bbox 750 2233 831 2296; x_wconf 90' lang='lat' dir='ltr'>enim</span> <span class='ocrx_word' id='word_1_171' title='bbox 855 2237 949 2312; x_wconf 88' lang='lat' dir='ltr'>atque</span> <span class='ocrx_word' id='word_1_172' title='bbox 972 2249 1094 2296; x_wconf 90' lang='lat' dir='ltr'>morum</span> <span class='ocrx_word' id='word_1_173' title='bbox 1119 2232 1302 2312; x_wconf 90' lang='lat' dir='ltr'>depravatio</span> <span class='ocrx_word' id='word_1_174' title='bbox 1325 2233 1395 2312; x_wconf 89' lang='lat' dir='ltr'>ejus</span> 
     </span>
    </p>
   </div>
   <div class='ocr_carea' id='block_1_3' title="bbox 231 2369 1395 2999">
    <p class='ocr_par' dir='ltr' id='par_1_4' title="bbox 231 2369 1395 2999">
     <span class='ocr_line' id='line_1_24' title="bbox 341 2369 1395 2467; baseline 0.001 -45"><span class='ocrx_word' id='word_1_175' title='bbox 341 2369 365 2467; x_wconf 65' lang='grc'>1)</span> <span class='ocrx_word' id='word_1_176' title='bbox 380 2369 427 2422; x_wconf 85' lang='lat' dir='ltr'>Er.</span> <span class='ocrx_word' id='word_1_177' title='bbox 448 2386 510 2439; x_wconf 90' lang='lat' dir='ltr'>epp.</span> <span class='ocrx_word' id='word_1_178' title='bbox 530 2386 556 2438; x_wconf 90' lang='lat' dir='ltr'>p.</span> <span class='ocrx_word' id='word_1_179' title='bbox 575 2373 642 2425; x_wconf 84' lang='lat'>831:</span> <span class='ocrx_word' id='word_1_180' title='bbox 673 2371 764 2438; x_wconf 83' lang='lat' dir='ltr'>„Haec</span> <span class='ocrx_word' id='word_1_181' title='bbox 792 2370 826 2425; x_wconf 89' lang='lat' dir='ltr'>ab</span> <span class='ocrx_word' id='word_1_182' title='bbox 852 2370 984 2437; x_wconf 87' lang='lat' dir='ltr'>improbis</span> <span class='ocrx_word' id='word_1_183' title='bbox 1013 2371 1040 2424; x_wconf 91' lang='lat' dir='ltr'>in</span> <span class='ocrx_word' id='word_1_184' title='bbox 1060 2371 1207 2437; x_wconf 89' lang='lat' dir='ltr'>pessimam</span> <span class='ocrx_word' id='word_1_185' title='bbox 1224 2376 1332 2438; x_wconf 88' lang='lat' dir='ltr'>partem</span> <span class='ocrx_word' id='word_1_186' title='bbox 1349 2386 1395 2423; x_wconf 87' lang='lat' dir='ltr'>ra-</span> 
     </span>
     <span class='ocr_line' id='line_1_25' title="bbox 250 2440 349 2495; baseline 0 -3"><span class='ocrx_word' id='word_1_187' title='bbox 250 2440 349 2495; x_wconf 90' lang='lat' dir='ltr'>iuntur.</span> 
     </span>
     <span class='ocr_line' id='line_1_26' title="bbox 231 2456 1395 2578; baseline 0.001 -16"><span class='ocrx_word' id='word_1_188' title='bbox 231 2456 249 2508; x_wconf 71' lang='lat' dir='ltr'>p</span> <span class='ocrx_word' id='word_1_189' title='bbox 338 2512 359 2578; x_wconf 70' lang='grc'>2)</span> <span class='ocrx_word' id='word_1_190' title='bbox 377 2509 523 2578; x_wconf 88' lang='lat' dir='ltr'>Hottinger</span> <span class='ocrx_word' id='word_1_191' title='bbox 543 2510 558 2566; x_wconf 78' lang='lat' dir='ltr'>l,</span> <span class='ocrx_word' id='word_1_192' title='bbox 578 2526 600 2565; x_wconf 89' lang='lat' dir='ltr'>e.</span> <span class='ocrx_word' id='word_1_193' title='bbox 619 2510 659 2562; x_wconf 87' lang='lat' dir='ltr'>Vl</span> <span class='ocrx_word' id='word_1_194' title='bbox 677 2526 704 2577; x_wconf 90' lang='lat' dir='ltr'>p.</span> <span class='ocrx_word' id='word_1_195' title='bbox 723 2513 757 2564; x_wconf 85' lang='lat'>29</span> <span class='ocrx_word' id='word_1_196' title='bbox 775 2511 821 2564; x_wconf 86' lang='lat' dir='ltr'>Er.</span> <span class='ocrx_word' id='word_1_197' title='bbox 835 2511 980 2578; x_wconf 86' lang='lat' dir='ltr'>Zwinglio:</span> <span class='ocrx_word' id='word_1_198' title='bbox 1008 2511 1184 2578; x_wconf 88' lang='lat' dir='ltr'>„Dementiae</span> <span class='ocrx_word' id='word_1_199' title='bbox 1203 2517 1246 2566; x_wconf 89' lang='lat' dir='ltr'>est</span> <span class='ocrx_word' id='word_1_200' title='bbox 1264 2511 1315 2564; x_wconf 90' lang='lat' dir='ltr'>tibi</span> <span class='ocrx_word' id='word_1_201' title='bbox 1332 2525 1395 2577; x_wconf 84' lang='lat' dir='ltr'>per·</span> 
     </span>
     <span class='ocr_line' id='line_1_27' title="bbox 231 2581 742 2649; baseline -0.002 -17"><span class='ocrx_word' id='word_1_202' title='bbox 231 2581 330 2636; x_wconf 81' lang='lat' dir='ltr'>niciam</span> <span class='ocrx_word' id='word_1_203' title='bbox 349 2595 500 2649; x_wconf 77' lang='lat' dir='ltr'>accersere,</span> <span class='ocrx_word' id='word_1_204' title='bbox 519 2581 543 2634; x_wconf 87' lang='lat' dir='ltr'>si</span> <span class='ocrx_word' id='word_1_205' title='bbox 562 2581 628 2633; x_wconf 90' lang='lat' dir='ltr'>nulli</span> <span class='ocrx_word' id='word_1_206' title='bbox 645 2582 742 2647; x_wconf 88' lang='lat' dir='ltr'>prosis.</span> 
     </span>
     <span class='ocr_line' id='line_1_28' title="bbox 338 2649 1395 2720; baseline -0.001 -17"><span class='ocrx_word' id='word_1_207' title='bbox 338 2649 360 2720; x_wconf 78' lang='lat'>⁸)</span> <span class='ocrx_word' id='word_1_208' title='bbox 378 2649 426 2704; x_wconf 86' lang='lat' dir='ltr'>Er.</span> <span class='ocrx_word' id='word_1_209' title='bbox 444 2666 505 2718; x_wconf 92' lang='lat' dir='ltr'>epp.</span> <span class='ocrx_word' id='word_1_210' title='bbox 519 2666 546 2718; x_wconf 92' lang='lat' dir='ltr'>p.</span> <span class='ocrx_word' id='word_1_211' title='bbox 557 2653 621 2707; x_wconf 81' lang='lat'>919:</span> <span class='ocrx_word' id='word_1_212' title='bbox 640 2649 717 2719; x_wconf 83' lang='lat' dir='ltr'>„Ego</span> <span class='ocrx_word' id='word_1_213' title='bbox 730 2657 844 2719; x_wconf 86' lang='lat' dir='ltr'>rogatus</span> <span class='ocrx_word' id='word_1_214' title='bbox 858 2651 1022 2705; x_wconf 88' lang='lat' dir='ltr'>sententiam</span> <span class='ocrx_word' id='word_1_215' title='bbox 1032 2665 1049 2704; x_wconf 89' lang='lat' dir='ltr'>a</span> <span class='ocrx_word' id='word_1_216' title='bbox 1058 2651 1224 2719; x_wconf 87' lang='lat' dir='ltr'>magistratu</span> <span class='ocrx_word' id='word_1_217' title='bbox 1236 2649 1284 2717; x_wconf 90' lang='lat' dir='ltr'>(sc.</span> <span class='ocrx_word' id='word_1_218' title='bbox 1295 2649 1395 2704; x_wconf 87' lang='lat' dir='ltr'>Basili·</span> 
     </span>
     <span class='ocr_line' id='line_1_29' title="bbox 232 2720 1392 2790; baseline -0.001 -15"><span class='ocrx_word' id='word_1_219' title='bbox 232 2720 300 2788; x_wconf 83' lang='lat' dir='ltr'>ensi)</span> <span class='ocrx_word' id='word_1_220' title='bbox 307 2721 447 2790; x_wconf 84' lang='lat' dir='ltr'>respondi,</span> <span class='ocrx_word' id='word_1_221' title='bbox 454 2737 497 2775; x_wconf 88' lang='lat' dir='ltr'>me</span> <span class='ocrx_word' id='word_1_222' title='bbox 508 2721 572 2774; x_wconf 87' lang='lat' dir='ltr'>nihil</span> <span class='ocrx_word' id='word_1_223' title='bbox 580 2721 653 2774; x_wconf 89' lang='lat' dir='ltr'>aliud</span> <span class='ocrx_word' id='word_1_224' title='bbox 663 2720 783 2788; x_wconf 87' lang='lat' dir='ltr'>credero,</span> <span class='ocrx_word' id='word_1_225' title='bbox 790 2736 871 2788; x_wconf 88' lang='lat' dir='ltr'>quam</span> <span class='ocrx_word' id='word_1_226' title='bbox 877 2721 950 2788; x_wconf 90' lang='lat' dir='ltr'>quod</span> <span class='ocrx_word' id='word_1_227' title='bbox 957 2720 1098 2775; x_wconf 87' lang='lat' dir='ltr'>definisset</span> <span class='ocrx_word' id='word_1_228' title='bbox 1109 2722 1222 2776; x_wconf 87' lang='lat' dir='ltr'>ecelesia</span> <span class='ocrx_word' id='word_1_229' title='bbox 1232 2720 1392 2774; x_wconf 82' lang='lat' dir='ltr'>catholica.“</span> 
     </span>
     <span class='ocr_line' id='line_1_30' title="bbox 339 2791 1395 2862; baseline 0 -19"><span class='ocrx_word' id='word_1_230' title='bbox 339 2791 362 2862; x_wconf 75' lang='lat'>⁴)</span> <span class='ocrx_word' id='word_1_231' title='bbox 381 2791 445 2845; x_wconf 92' lang='lat' dir='ltr'>ibid.</span> <span class='ocrx_word' id='word_1_232' title='bbox 465 2807 491 2859; x_wconf 87' lang='lat' dir='ltr'>p.</span> <span class='ocrx_word' id='word_1_233' title='bbox 512 2793 665 2845; x_wconf 74' lang='lat' dir='ltr'>laea—60:</span> <span class='ocrx_word' id='word_1_234' title='bbox 695 2791 783 2860; x_wconf 87' lang='lat' dir='ltr'>„illud</span> <span class='ocrx_word' id='word_1_235' title='bbox 806 2799 912 2845; x_wconf 87' lang='lat' dir='ltr'>tantum</span> <span class='ocrx_word' id='word_1_236' title='bbox 932 2833 937 2844; x_wconf 94' lang='lat'>.</span> <span class='ocrx_word' id='word_1_237' title='bbox 958 2832 963 2844; x_wconf 93' lang='lat'>.</span> <span class='ocrx_word' id='word_1_238' title='bbox 982 2807 1078 2846; x_wconf 90' lang='lat' dir='ltr'>moneo</span> <span class='ocrx_word' id='word_1_239' title='bbox 1098 2807 1237 2859; x_wconf 87' lang='lat' dir='ltr'>rogoque,</span> <span class='ocrx_word' id='word_1_240' title='bbox 1265 2798 1296 2844; x_wconf 93' lang='lat' dir='ltr'>ut</span> <span class='ocrx_word' id='word_1_241' title='bbox 1315 2805 1332 2844; x_wconf 88' lang='lat' dir='ltr'>a</span> <span class='ocrx_word' id='word_1_242' title='bbox 1351 2805 1395 2844; x_wconf 86' lang='lat' dir='ltr'>se-</span> 
     </span>
     <span class='ocr_line' id='line_1_31' title="bbox 231 2861 1393 2929; baseline -0.001 -16"><span class='ocrx_word' id='word_1_243' title='bbox 231 2868 339 2916; x_wconf 83' lang='lat' dir='ltr'>ctarum</span> <span class='ocrx_word' id='word_1_244' title='bbox 358 2862 490 2929; x_wconf 86' lang='lat' dir='ltr'>contagiis</span> <span class='ocrx_word' id='word_1_245' title='bbox 510 2861 538 2914; x_wconf 90' lang='lat' dir='ltr'>iu</span> <span class='ocrx_word' id='word_1_246' title='bbox 557 2867 647 2915; x_wconf 91' lang='lat' dir='ltr'>totum</span> <span class='ocrx_word' id='word_1_247' title='bbox 663 2863 838 2916; x_wconf 89' lang='lat' dir='ltr'>abstineas..</span> <span class='ocrx_word' id='word_1_248' title='bbox 851 2902 875 2915; x_wconf 91' lang='lat'>..</span> <span class='ocrx_word' id='word_1_249' title='bbox 891 2863 974 2916; x_wconf 91' lang='lat' dir='ltr'>etiam</span> <span class='ocrx_word' id='word_1_250' title='bbox 988 2862 1075 2916; x_wconf 87' lang='lat' dir='ltr'>sicubi</span> <span class='ocrx_word' id='word_1_251' title='bbox 1095 2861 1267 2929; x_wconf 82' lang='lat' dir='ltr'>dogmatibus</span> <span class='ocrx_word' id='word_1_252' title='bbox 1284 2862 1393 2914; x_wconf 84' lang='lat' dir='ltr'>illorum</span> 
     </span>
     <span class='ocr_line' id='line_1_32' title="bbox 231 2930 1395 2999; baseline 0 -15"><span class='ocrx_word' id='word_1_253' title='bbox 231 2931 386 2999; x_wconf 86' lang='lat' dir='ltr'>assentiris,</span> <span class='ocrx_word' id='word_1_254' title='bbox 406 2931 553 2986; x_wconf 88' lang='lat' dir='ltr'>dissimula.</span> <span class='ocrx_word' id='word_1_255' title='bbox 572 2931 662 2986; x_wconf 91' lang='lat' dir='ltr'>Nolim</span> <span class='ocrx_word' id='word_1_256' title='bbox 680 2937 771 2987; x_wconf 86' lang='lat' dir='ltr'>tamen</span> <span class='ocrx_word' id='word_1_257' title='bbox 790 2940 819 2986; x_wconf 89' lang='lat' dir='ltr'>tc</span> <span class='ocrx_word' id='word_1_258' title='bbox 837 2932 969 2988; x_wconf 89' lang='lat' dir='ltr'>adversus</span> <span class='ocrx_word' id='word_1_259' title='bbox 988 2948 1035 2986; x_wconf 92' lang='lat' dir='ltr'>eos</span> <span class='ocrx_word' id='word_1_260' title='bbox 1055 2932 1228 2986; x_wconf 89' lang='lat' dir='ltr'>contendere.</span> <span class='ocrx_word' id='word_1_261' title='bbox 1257 2930 1330 2995; x_wconf 84' lang='lat' dir='ltr'>Satis</span> <span class='ocrx_word' id='word_1_262' title='bbox 1351 2937 1395 2984; x_wconf 85' lang='lat' dir='ltr'>est</span> 
     </span>
    </p>
   </div>
   <div class='ocr_carea' id='block_1_4' title="bbox 127 3000 1393 3073">
    <p class='ocr_par' dir='ltr' id='par_1_5' title="bbox 127 3000 1393 3073">
     <span class='ocr_line' id='line_1_33' title="bbox 127 3000 1393 3073; baseline -0.001 -18"><span class='ocrx_word' id='word_1_263' title='bbox 127 3059 134 3073; x_wconf 34' lang='lat'>⁸</span> <span class='ocrx_word' id='word_1_264' title='bbox 227 3003 289 3069; x_wconf 88' lang='lat' dir='ltr'>jure</span> <span class='ocrx_word' id='word_1_265' title='bbox 318 3001 440 3055; x_wconf 88' lang='lat' dir='ltr'>consulto</span> <span class='ocrx_word' id='word_1_266' title='bbox 466 3003 506 3054; x_wconf 89' lang='lat' dir='ltr'>sio</span> <span class='ocrx_word' id='word_1_267' title='bbox 530 3002 639 3056; x_wconf 91' lang='lat' dir='ltr'>eludere</span> <span class='ocrx_word' id='word_1_268' title='bbox 662 3017 725 3070; x_wconf 90' lang='lat' dir='ltr'>eos,</span> <span class='ocrx_word' id='word_1_269' title='bbox 754 3003 979 3069; x_wconf 88' lang='lat' dir='ltr'>quemadmodum</span> <span class='ocrx_word' id='word_1_270' title='bbox 1007 3002 1115 3070; x_wconf 87' lang='lat' dir='ltr'>quidam</span> <span class='ocrx_word' id='word_1_271' title='bbox 1146 3003 1227 3056; x_wconf 89' lang='lat' dir='ltr'>elusit</span> <span class='ocrx_word' id='word_1_272' title='bbox 1255 3000 1393 3055; x_wconf 87' lang='lat' dir='ltr'>diabolum</span> 
     </span>
    </p>
   </div>
   <div class='ocr_carea' id='block_1_5' title="bbox 229 3071 1394 4193">
    <p class='ocr_par' dir='ltr' id='par_1_6' title="bbox 230 3071 1394 3559">
     <span class='ocr_line' id='line_1_34' title="bbox 230 3071 1392 3141; baseline 0.003 -17"><span class='ocrx_word' id='word_1_273' title='bbox 230 3073 391 3128; x_wconf 88' lang='lat' dir='ltr'>moriturus.</span> <span class='ocrx_word' id='word_1_274' title='bbox 419 3072 549 3125; x_wconf 88' lang='lat' dir='ltr'>Diabolus</span> <span class='ocrx_word' id='word_1_275' title='bbox 569 3075 718 3140; x_wconf 84' lang='lat' dir='ltr'>suggessit,</span> <span class='ocrx_word' id='word_1_276' title='bbox 746 3073 812 3140; x_wconf 90' lang='lat' dir='ltr'>quid</span> <span class='ocrx_word' id='word_1_277' title='bbox 830 3075 967 3141; x_wconf 77' lang='lat' dir='ltr'>crederet,</span> <span class='ocrx_word' id='word_1_278' title='bbox 995 3074 1042 3140; x_wconf 87' lang='lat' dir='ltr'>ait,</span> <span class='ocrx_word' id='word_1_279' title='bbox 1070 3072 1143 3139; x_wconf 90' lang='lat' dir='ltr'>quod</span> <span class='ocrx_word' id='word_1_280' title='bbox 1162 3073 1249 3126; x_wconf 89' lang='lat' dir='ltr'>credit</span> <span class='ocrx_word' id='word_1_281' title='bbox 1268 3071 1392 3128; x_wconf 87' lang='lat' dir='ltr'>ecelesia.</span> 
     </span>
     <span class='ocr_line' id='line_1_35' title="bbox 230 3141 1394 3211; baseline 0.001 -16"><span class='ocrx_word' id='word_1_282' title='bbox 230 3143 300 3195; x_wconf 86' lang='lat' dir='ltr'>Tum</span> <span class='ocrx_word' id='word_1_283' title='bbox 318 3141 377 3195; x_wconf 91' lang='lat' dir='ltr'>ille:</span> <span class='ocrx_word' id='word_1_284' title='bbox 397 3142 463 3208; x_wconf 90' lang='lat' dir='ltr'>quid</span> <span class='ocrx_word' id='word_1_285' title='bbox 481 3141 569 3196; x_wconf 88' lang='lat' dir='ltr'>credit</span> <span class='ocrx_word' id='word_1_286' title='bbox 588 3143 722 3196; x_wconf 80' lang='lat' dir='ltr'>ecelesia?</span> <span class='ocrx_word' id='word_1_287' title='bbox 746 3143 826 3210; x_wconf 75' lang='lat' dir='ltr'>Quod</span> <span class='ocrx_word' id='word_1_288' title='bbox 844 3160 903 3211; x_wconf 89' lang='lat' dir='ltr'>ego.</span> <span class='ocrx_word' id='word_1_289' title='bbox 929 3143 1008 3211; x_wconf 76' lang='lat' dir='ltr'>Quod</span> <span class='ocrx_word' id='word_1_290' title='bbox 1026 3153 1058 3197; x_wconf 91' lang='lat' dir='ltr'>tu</span> <span class='ocrx_word' id='word_1_291' title='bbox 1076 3142 1188 3197; x_wconf 82' lang='lat' dir='ltr'>eredis?</span> <span class='ocrx_word' id='word_1_292' title='bbox 1212 3141 1289 3208; x_wconf 78' lang='lat' dir='ltr'>Quod</span> <span class='ocrx_word' id='word_1_293' title='bbox 1308 3141 1394 3196; x_wconf 84' lang='lat' dir='ltr'>ecole-</span> 
     </span>
     <span class='ocr_line' id='line_1_36' title="bbox 231 3211 1392 3282; baseline 0 -18"><span class='ocrx_word' id='word_1_294' title='bbox 231 3213 295 3266; x_wconf 87' lang='lat' dir='ltr'>sia.“</span> <span class='ocrx_word' id='word_1_295' title='bbox 317 3211 463 3280; x_wconf 82' lang='lat' dir='ltr'>(Erasmus</span> <span class='ocrx_word' id='word_1_296' title='bbox 475 3212 623 3266; x_wconf 89' lang='lat' dir='ltr'>Zuiehemo</span> <span class='ocrx_word' id='word_1_297' title='bbox 636 3212 782 3282; x_wconf 87' lang='lat' dir='ltr'>Phrysio);</span> <span class='ocrx_word' id='word_1_298' title='bbox 802 3212 835 3267; x_wconf 92' lang='lat' dir='ltr'>de</span> <span class='ocrx_word' id='word_1_299' title='bbox 849 3215 975 3282; x_wconf 83' lang='lat' dir='ltr'>Grpnaeo</span> <span class='ocrx_word' id='word_1_300' title='bbox 988 3213 1056 3267; x_wconf 87' lang='lat' dir='ltr'>dicit</span> <span class='ocrx_word' id='word_1_301' title='bbox 1068 3213 1217 3267; x_wconf 86' lang='lat' dir='ltr'>Erasmus:</span> <span class='ocrx_word' id='word_1_302' title='bbox 1237 3211 1392 3281; x_wconf 89' lang='lat' dir='ltr'>„admonui,</span> 
     </span>
     <span class='ocr_line' id='line_1_37' title="bbox 230 3281 1392 3351; baseline 0 -17"><span class='ocrx_word' id='word_1_303' title='bbox 230 3288 260 3335; x_wconf 90' lang='lat' dir='ltr'>ut</span> <span class='ocrx_word' id='word_1_304' title='bbox 280 3283 303 3336; x_wconf 90' lang='lat' dir='ltr'>si</span> <span class='ocrx_word' id='word_1_305' title='bbox 322 3282 388 3349; x_wconf 91' lang='lat' dir='ltr'>quid</span> <span class='ocrx_word' id='word_1_306' title='bbox 405 3281 521 3336; x_wconf 85' lang='lat' dir='ltr'>affectus</span> <span class='ocrx_word' id='word_1_307' title='bbox 542 3298 607 3350; x_wconf 86' lang='lat' dir='ltr'>erga</span> <span class='ocrx_word' id='word_1_308' title='bbox 625 3281 728 3347; x_wconf 88' lang='lat' dir='ltr'>Sectas,</span> <span class='ocrx_word' id='word_1_309' title='bbox 752 3283 780 3336; x_wconf 92' lang='lat' dir='ltr'>in</span> <span class='ocrx_word' id='word_1_310' title='bbox 803 3285 903 3350; x_wconf 86' lang='lat' dir='ltr'>Anglia</span> <span class='ocrx_word' id='word_1_311' title='bbox 926 3283 1134 3337; x_wconf 83' lang='lat' dir='ltr'>dissimularet.“</span> <span class='ocrx_word' id='word_1_312' title='bbox 1160 3283 1234 3351; x_wconf 90' lang='lat' dir='ltr'>(ibid.</span> <span class='ocrx_word' id='word_1_313' title='bbox 1257 3299 1282 3350; x_wconf 94' lang='lat' dir='ltr'>p.</span> <span class='ocrx_word' id='word_1_314' title='bbox 1303 3283 1392 3350; x_wconf 84' lang='grc'><strong>1760).</strong></span> 
     </span>
     <span class='ocr_line' id='line_1_38' title="bbox 231 3351 1392 3422; baseline -0.001 -17"><span class='ocrx_word' id='word_1_315' title='bbox 231 3351 333 3406; x_wconf 89' lang='lat' dir='ltr'>Similia</span> <span class='ocrx_word' id='word_1_316' title='bbox 352 3353 484 3406; x_wconf 87' lang='lat' dir='ltr'>Damiano</span> <span class='ocrx_word' id='word_1_317' title='bbox 502 3368 518 3406; x_wconf 91' lang='lat' dir='ltr'>a</span> <span class='ocrx_word' id='word_1_318' title='bbox 538 3352 609 3406; x_wconf 82' lang='lat' dir='ltr'>Goes</span> <span class='ocrx_word' id='word_1_319' title='bbox 629 3352 723 3407; x_wconf 86' lang='lat' dir='ltr'>scribit</span> <span class='ocrx_word' id='word_1_320' title='bbox 743 3353 799 3419; x_wconf 73' lang='lat' dir='ltr'>(Er.</span> <span class='ocrx_word' id='word_1_321' title='bbox 819 3368 879 3421; x_wconf 90' lang='lat' dir='ltr'>epp.</span> <span class='ocrx_word' id='word_1_322' title='bbox 899 3369 925 3420; x_wconf 92' lang='lat' dir='ltr'>p.</span> <span class='ocrx_word' id='word_1_323' title='bbox 945 3352 1040 3422; x_wconf 80' lang='lat'><strong>1493):</strong></span> <span class='ocrx_word' id='word_1_324' title='bbox 1070 3353 1324 3422; x_wconf 69' lang='lat' dir='ltr'>„consultissimum</span> <span class='ocrx_word' id='word_1_325' title='bbox 1343 3359 1392 3414; x_wconf 83' lang='lat' dir='ltr'>est,</span> 
     </span>
     <span class='ocr_line' id='line_1_39' title="bbox 230 3421 1394 3543; baseline 0.002 -69"><span class='ocrx_word' id='word_1_326' title='bbox 230 3429 262 3474; x_wconf 87' lang='lat' dir='ltr'>nt</span> <span class='ocrx_word' id='word_1_327' title='bbox 281 3422 315 3543; x_wconf 60' lang='lat' dir='ltr'>dle</span> <span class='ocrx_word' id='word_1_328' title='bbox 328 3421 416 3521; x_wconf 53' lang='lat' dir='ltr'>Seegis</span> <span class='ocrx_word' id='word_1_329' title='bbox 429 3437 519 3488; x_wconf 86' lang='lat' dir='ltr'>neque</span> <span class='ocrx_word' id='word_1_330' title='bbox 531 3422 599 3476; x_wconf 91' lang='lat' dir='ltr'>bene</span> <span class='ocrx_word' id='word_1_331' title='bbox 618 3438 706 3489; x_wconf 86' lang='lat' dir='ltr'>neque</span> <span class='ocrx_word' id='word_1_332' title='bbox 726 3425 795 3477; x_wconf 87' lang='lat' dir='ltr'>male</span> <span class='ocrx_word' id='word_1_333' title='bbox 814 3424 943 3491; x_wconf 88' lang='lat' dir='ltr'>loquaris,</span> <span class='ocrx_word' id='word_1_334' title='bbox 962 3424 1041 3492; x_wconf 86' lang='lat' dir='ltr'>quasi</span> <span class='ocrx_word' id='word_1_335' title='bbox 1060 3424 1112 3477; x_wconf 88' lang='lat' dir='ltr'>ista</span> <span class='ocrx_word' id='word_1_336' title='bbox 1130 3439 1184 3478; x_wconf 89' lang='lat' dir='ltr'>non</span> <span class='ocrx_word' id='word_1_337' title='bbox 1203 3437 1283 3476; x_wconf 89' lang='lat' dir='ltr'>eures</span> <span class='ocrx_word' id='word_1_338' title='bbox 1302 3437 1394 3490; x_wconf 84' lang='lat' dir='ltr'>neque</span> 
     </span>
     <span class='ocr_line' id='line_1_40' title="bbox 230 3492 1363 3559; baseline 0.001 -15"><span class='ocrx_word' id='word_1_339' title='bbox 230 3492 288 3546; x_wconf 90' lang='lat' dir='ltr'>inte</span> <span class='ocrx_word' id='word_1_340' title='bbox 308 3493 376 3559; x_wconf 87' lang='lat' dir='ltr'>igas.</span> <span class='ocrx_word' id='word_1_341' title='bbox 1360 3527 1363 3534; x_wconf 87' lang='lat'><em>-</em></span> 
     </span>
    </p>

    <p class='ocr_par' dir='ltr' id='par_1_7' title="bbox 229 3561 1394 3908">
     <span class='ocr_line' id='line_1_41' title="bbox 337 3561 1392 3633; baseline 0 -18"><span class='ocrx_word' id='word_1_342' title='bbox 337 3561 360 3631; x_wconf 72' lang='grc' dir='ltr'>ὁ)</span> <span class='ocrx_word' id='word_1_343' title='bbox 378 3562 427 3615; x_wconf 87' lang='lat' dir='ltr'>Er.</span> <span class='ocrx_word' id='word_1_344' title='bbox 447 3576 509 3630; x_wconf 90' lang='lat' dir='ltr'>epp.</span> <span class='ocrx_word' id='word_1_345' title='bbox 528 3578 554 3630; x_wconf 90' lang='lat' dir='ltr'>p.</span> <span class='ocrx_word' id='word_1_346' title='bbox 579 3565 629 3616; x_wconf 84' lang='lat'>831</span> <span class='ocrx_word' id='word_1_347' title='bbox 655 3563 875 3628; x_wconf 86' lang='lat' dir='ltr'>(Melanchthoni</span> <span class='ocrx_word' id='word_1_348' title='bbox 899 3564 1056 3633; x_wconf 85' lang='lat' dir='ltr'>Erasmus):</span> <span class='ocrx_word' id='word_1_349' title='bbox 1087 3579 1239 3632; x_wconf 86' lang='lat' dir='ltr'>„nunquam</span> <span class='ocrx_word' id='word_1_350' title='bbox 1264 3561 1392 3616; x_wconf 83' lang='lat' dir='ltr'>defutura</span> 
     </span>
     <span class='ocr_line' id='line_1_42' title="bbox 231 3631 1394 3702; baseline 0 -16"><span class='ocrx_word' id='word_1_351' title='bbox 231 3640 304 3700; x_wconf 89' lang='lat' dir='ltr'>sunt,</span> <span class='ocrx_word' id='word_1_352' title='bbox 324 3632 359 3686; x_wconf 87' lang='lat' dir='ltr'>de</span> <span class='ocrx_word' id='word_1_353' title='bbox 377 3631 476 3701; x_wconf 90' lang='lat' dir='ltr'>quibus</span> <span class='ocrx_word' id='word_1_354' title='bbox 497 3633 648 3699; x_wconf 83' lang='lat' dir='ltr'>queraris.“</span> <span class='ocrx_word' id='word_1_355' title='bbox 670 3661 701 3671; x_wconf 96' lang='lat'><em>-</em></span> <span class='ocrx_word' id='word_1_356' title='bbox 722 3633 850 3702; x_wconf 85' lang='lat' dir='ltr'>Epistola</span> <span class='ocrx_word' id='word_1_357' title='bbox 867 3635 975 3688; x_wconf 87' lang='lat' dir='ltr'>Erasmi</span> <span class='ocrx_word' id='word_1_358' title='bbox 1002 3639 1100 3688; x_wconf 86' lang='lat' dir='ltr'>contra</span> <span class='ocrx_word' id='word_1_359' title='bbox 1123 3633 1268 3701; x_wconf 90' lang='lat' dir='ltr'>quosdam,</span> <span class='ocrx_word' id='word_1_360' title='bbox 1297 3633 1343 3700; x_wconf 92' lang='lat' dir='ltr'>qui</span> <span class='ocrx_word' id='word_1_361' title='bbox 1361 3647 1394 3686; x_wconf 83' lang='lat' dir='ltr'>se</span> 
     </span>
     <span class='ocr_line' id='line_1_43' title="bbox 230 3701 1390 3774; baseline -0.002 -18"><span class='ocrx_word' id='word_1_362' title='bbox 230 3702 299 3757; x_wconf 87' lang='lat' dir='ltr'>ialso</span> <span class='ocrx_word' id='word_1_363' title='bbox 323 3703 433 3770; x_wconf 83' lang='lat' dir='ltr'>jactant</span> <span class='ocrx_word' id='word_1_364' title='bbox 461 3703 638 3772; x_wconf 86' lang='lat' dir='ltr'>evangelicos.</span> <span class='ocrx_word' id='word_1_365' title='bbox 674 3703 715 3757; x_wconf 92' lang='lat' dir='ltr'>ed.</span> <span class='ocrx_word' id='word_1_366' title='bbox 744 3703 872 3758; x_wconf 83' lang='lat' dir='ltr'>Coloniae</span> <span class='ocrx_word' id='word_1_367' title='bbox 899 3704 972 3772; x_wconf 86' lang='lat' dir='ltr'>apud</span> <span class='ocrx_word' id='word_1_368' title='bbox 997 3705 1159 3774; x_wconf 85' lang='lat' dir='ltr'>Gymnicum</span> <span class='ocrx_word' id='word_1_369' title='bbox 1185 3719 1209 3758; x_wconf 86' lang='lat' dir='ltr'>a.</span> <span class='ocrx_word' id='word_1_370' title='bbox 1229 3702 1313 3756; x_wconf 80' lang='lat'>1542:</span> <span class='ocrx_word' id='word_1_371' title='bbox 1343 3701 1390 3770; x_wconf 86' lang='lat' dir='ltr'>„Si</span> 
     </span>
     <span class='ocr_line' id='line_1_44' title="bbox 230 3773 1392 3843; baseline -0.002 -17"><span class='ocrx_word' id='word_1_372' title='bbox 230 3773 332 3827; x_wconf 85' lang='lat' dir='ltr'>Paulus</span> <span class='ocrx_word' id='word_1_373' title='bbox 345 3773 427 3828; x_wconf 90' lang='lat' dir='ltr'>hodie</span> <span class='ocrx_word' id='word_1_374' title='bbox 440 3773 552 3841; x_wconf 89' lang='lat' dir='ltr'>viveret,</span> <span class='ocrx_word' id='word_1_375' title='bbox 565 3789 619 3828; x_wconf 90' lang='lat' dir='ltr'>non</span> <span class='ocrx_word' id='word_1_376' title='bbox 632 3774 811 3843; x_wconf 91' lang='lat' dir='ltr'>improbaret,</span> <span class='ocrx_word' id='word_1_377' title='bbox 824 3775 930 3842; x_wconf 83' lang='lat' dir='ltr'>opinor,</span> <span class='ocrx_word' id='word_1_378' title='bbox 943 3783 1117 3843; x_wconf 86' lang='lat' dir='ltr'>praesentem</span> <span class='ocrx_word' id='word_1_379' title='bbox 1130 3773 1261 3828; x_wconf 86' lang='lat' dir='ltr'>ecclesiae</span> <span class='ocrx_word' id='word_1_380' title='bbox 1274 3778 1392 3826; x_wconf 83' lang='lat' dir='ltr'>statum:</span> 
     </span>
     <span class='ocr_line' id='line_1_45' title="bbox 229 3843 805 3908; baseline 0.002 -12"><span class='ocrx_word' id='word_1_381' title='bbox 229 3843 259 3898; x_wconf 90' lang='lat' dir='ltr'>in</span> <span class='ocrx_word' id='word_1_382' title='bbox 278 3843 417 3897; x_wconf 90' lang='lat' dir='ltr'>hominurn</span> <span class='ocrx_word' id='word_1_383' title='bbox 436 3843 505 3897; x_wconf 87' lang='lat' dir='ltr'>vitia</span> <span class='ocrx_word' id='word_1_384' title='bbox 524 3844 678 3902; x_wconf 84' lang='lat' dir='ltr'>clamaret.“</span> <span class='ocrx_word' id='word_1_385' title='bbox 698 3843 743 3898; x_wconf 83' lang='lat' dir='ltr'>fol.</span> <span class='ocrx_word' id='word_1_386' title='bbox 762 3844 805 3908; x_wconf 67' lang='lat'>04.</span> 
     </span>
    </p>

    <p class='ocr_par' dir='ltr' id='par_1_8' title="bbox 337 3913 985 3982">
     <span class='ocr_line' id='line_1_46' title="bbox 337 3913 985 3982; baseline 0.008 -16"><span class='ocrx_word' id='word_1_387' title='bbox 337 3915 358 3980; x_wconf 69' lang='grc' dir='ltr'>θ)</span> <span class='ocrx_word' id='word_1_388' title='bbox 377 3914 426 3970; x_wconf 83' lang='lat' dir='ltr'>Er.</span> <span class='ocrx_word' id='word_1_389' title='bbox 445 3929 507 3981; x_wconf 86' lang='lat' dir='ltr'>epp.</span> <span class='ocrx_word' id='word_1_390' title='bbox 526 3930 552 3982; x_wconf 91' lang='lat' dir='ltr'>p.</span> <span class='ocrx_word' id='word_1_391' title='bbox 571 3917 635 3982; x_wconf 80' lang='lat'>8303</span> <span class='ocrx_word' id='word_1_392' title='bbox 656 3913 775 3982; x_wconf 79' lang='lat' dir='ltr'>Gatalo&#39;g.</span> <span class='ocrx_word' id='word_1_393' title='bbox 795 3914 812 3968; x_wconf 90' lang='lat' dir='ltr'>l.</span> <span class='ocrx_word' id='word_1_394' title='bbox 831 3931 854 3968; x_wconf 88' lang='lat' dir='ltr'>o.</span> <span class='ocrx_word' id='word_1_395' title='bbox 872 3913 918 3968; x_wconf 85' lang='lat' dir='ltr'>fol.</span> <span class='ocrx_word' id='word_1_396' title='bbox 937 3914 985 3978; x_wconf 72' lang='lat' dir='ltr'>D4.</span> 
     </span>
    </p>

    <p class='ocr_par' dir='ltr' id='par_1_9' title="bbox 229 3981 1392 4193">
     <span class='ocr_line' id='line_1_47' title="bbox 338 3981 1392 4053; baseline -0.005 -15"><span class='ocrx_word' id='word_1_397' title='bbox 338 3982 360 4053; x_wconf 62' lang='grc' dir='ltr'>ἵ)</span> <span class='ocrx_word' id='word_1_398' title='bbox 379 3983 498 4052; x_wconf 83' lang='lat' dir='ltr'>Catalog.</span> <span class='ocrx_word' id='word_1_399' title='bbox 519 3985 534 4036; x_wconf 90' lang='lat' dir='ltr'>l.</span> <span class='ocrx_word' id='word_1_400' title='bbox 554 4001 576 4038; x_wconf 89' lang='lat' dir='ltr'>e.</span> <span class='ocrx_word' id='word_1_401' title='bbox 596 3984 641 4038; x_wconf 85' lang='lat' dir='ltr'>fol.</span> <span class='ocrx_word' id='word_1_402' title='bbox 655 3985 705 4048; x_wconf 84' lang='lat' dir='ltr'>D,:</span> <span class='ocrx_word' id='word_1_403' title='bbox 726 3985 824 4039; x_wconf 91' lang='lat' dir='ltr'>Partes</span> <span class='ocrx_word' id='word_1_404' title='bbox 844 3985 884 4040; x_wconf 90' lang='lat' dir='ltr'>ita</span> <span class='ocrx_word' id='word_1_405' title='bbox 903 3983 1069 4052; x_wconf 87' lang='lat' dir='ltr'>depugnant,</span> <span class='ocrx_word' id='word_1_406' title='bbox 1087 3989 1126 4048; x_wconf 87' lang='lat' dir='ltr'>ut,</span> <span class='ocrx_word' id='word_1_407' title='bbox 1146 3985 1169 4037; x_wconf 90' lang='lat' dir='ltr'>si</span> <span class='ocrx_word' id='word_1_408' title='bbox 1187 3983 1276 4037; x_wconf 86' lang='lat' dir='ltr'>alteru</span> <span class='ocrx_word' id='word_1_409' title='bbox 1289 3981 1392 4049; x_wconf 86' lang='lat' dir='ltr'>vincet,</span> 
     </span>
     <span class='ocr_line' id='line_1_48' title="bbox 232 4052 1391 4122; baseline -0.004 -15"><span class='ocrx_word' id='word_1_410' title='bbox 232 4069 373 4122; x_wconf 84' lang='lat' dir='ltr'>„magnam</span> <span class='ocrx_word' id='word_1_411' title='bbox 391 4053 562 4121; x_wconf 87' lang='lat' dir='ltr'>evangelicae</span> <span class='ocrx_word' id='word_1_412' title='bbox 575 4055 700 4108; x_wconf 83' lang='lat' dir='ltr'>veritatis</span> <span class='ocrx_word' id='word_1_413' title='bbox 714 4061 742 4108; x_wconf 90' lang='lat' dir='ltr'>et</span> <span class='ocrx_word' id='word_1_414' title='bbox 761 4055 896 4108; x_wconf 89' lang='lat' dir='ltr'>libertatis</span> <span class='ocrx_word' id='word_1_415' title='bbox 915 4054 1036 4109; x_wconf 84' lang='lat' dir='ltr'>ruinam“</span> <span class='ocrx_word' id='word_1_416' title='bbox 1051 4052 1182 4108; x_wconf 86' lang='lat' dir='ltr'>effectura</span> <span class='ocrx_word' id='word_1_417' title='bbox 1194 4054 1238 4120; x_wconf 89' lang='lat' dir='ltr'>sit,</span> <span class='ocrx_word' id='word_1_418' title='bbox 1258 4053 1281 4106; x_wconf 91' lang='lat' dir='ltr'>si</span> <span class='ocrx_word' id='word_1_419' title='bbox 1295 4053 1391 4113; x_wconf 87' lang='lat' dir='ltr'>altera,</span> 
     </span>
     <span class='ocr_line' id='line_1_49' title="bbox 229 4123 1391 4193; baseline -0.003 -18"><span class='ocrx_word' id='word_1_420' title='bbox 229 4123 351 4178; x_wconf 85' lang='lat' dir='ltr'>futurum</span> <span class='ocrx_word' id='word_1_421' title='bbox 370 4125 404 4178; x_wconf 87' lang='lat' dir='ltr'>sit</span> <span class='ocrx_word' id='word_1_422' title='bbox 422 4125 494 4178; x_wconf 92' lang='lat' dir='ltr'>nullo</span> <span class='ocrx_word' id='word_1_423' title='bbox 513 4124 592 4178; x_wconf 91' lang='lat' dir='ltr'>modo</span> <span class='ocrx_word' id='word_1_424' title='bbox 618 4125 685 4192; x_wconf 89' lang='lat' dir='ltr'>„nisi</span> <span class='ocrx_word' id='word_1_425' title='bbox 710 4125 866 4193; x_wconf 89' lang='lat' dir='ltr'>pernicioso</span> <span class='ocrx_word' id='word_1_426' title='bbox 885 4124 959 4178; x_wconf 89' lang='lat' dir='ltr'>orbis</span> <span class='ocrx_word' id='word_1_427' title='bbox 983 4124 1110 4178; x_wconf 89' lang='lat' dir='ltr'>tumultu.</span> <span class='ocrx_word' id='word_1_428' title='bbox 1139 4123 1200 4190; x_wconf 88' lang='lat' dir='ltr'>-Ego</span> <span class='ocrx_word' id='word_1_429' title='bbox 1223 4123 1315 4176; x_wconf 86' lang='lat' dir='ltr'>malim</span> <span class='ocrx_word' id='word_1_430' title='bbox 1332 4137 1391 4174; x_wconf 91' lang='lat' dir='ltr'>rem</span> 
     </span>
    </p>
   </div>
   <div class='ocr_carea' id='block_1_6' title="bbox 230 4191 1392 4318">
    <p class='ocr_par' dir='ltr' id='par_1_10' title="bbox 230 4191 1392 4318">
     <span class='ocr_line' id='line_1_50' title="bbox 230 4191 1392 4317; baseline -0.004 -69"><span class='ocrx_word' id='word_1_431' title='bbox 230 4195 269 4317; x_wconf 60' lang='lat' dir='ltr'>ictla</span> <span class='ocrx_word' id='word_1_432' title='bbox 287 4195 432 4316; x_wconf 66' lang='lat' dir='ltr'>·⁰{¹·“lp⁰¹¹i’</span> <span class='ocrx_word' id='word_1_433' title='bbox 460 4201 492 4248; x_wconf 91' lang='lat' dir='ltr'>ut</span> <span class='ocrx_word' id='word_1_434' title='bbox 514 4200 630 4262; x_wconf 84' lang='lat' dir='ltr'>utraque</span> <span class='ocrx_word' id='word_1_435' title='bbox 657 4210 723 4262; x_wconf 88' lang='lat' dir='ltr'>pars</span> <span class='ocrx_word' id='word_1_436' title='bbox 748 4196 891 4250; x_wconf 87' lang='lat' dir='ltr'>victoriam</span> <span class='ocrx_word' id='word_1_437' title='bbox 916 4195 1090 4249; x_wconf 78' lang='lat' dir='ltr'>concederet</span> <span class='ocrx_word' id='word_1_438' title='bbox 1104 4195 1211 4248; x_wconf 86' lang='lat' dir='ltr'>veritati</span> <span class='ocrx_word' id='word_1_439' title='bbox 1235 4198 1261 4246; x_wconf 90' lang='lat' dir='ltr'>et</span> <span class='ocrx_word' id='word_1_440' title='bbox 1284 4191 1392 4258; x_wconf 88' lang='lat' dir='ltr'>gloriae</span> 
     </span>
     <span class='ocr_line' id='line_1_51' title="bbox 271 4280 340 4318; baseline 0.029 -2"><span class='ocrx_word' id='word_1_441' title='bbox 271 4280 308 4318; x_wconf 83' lang='lat' dir='ltr'>ris</span> <span class='ocrx_word' id='word_1_442' title='bbox 323 4281 340 4318; x_wconf 88' lang='lat'>1.</span> 
     </span>
    </p>
   </div>
   <div class='ocr_carea' id='block_1_7' title="bbox 0 0 1590 5120">
    <p class='ocr_par' dir='ltr' id='par_1_11' title="bbox 0 0 1590 5120">
     <span class='ocr_line' id='line_1_52' title="bbox 0 0 1590 5120; baseline 0 0"><span class='ocrx_word' id='word_1_443' title='bbox 0 0 1590 5120; x_wconf 95' lang='lat' dir='ltr'> </span> 
     </span>
    </p>
   </div>
  </div>
 </body>
</html>
